index,bid_price_1,bid_volume_1,ask_price_1,ask_volume_1,bid_price_2,bid_volume_2,ask_price_2,ask_volume_2,bid_price_3,bid_volume_3,ask_price_3,ask_volume_3,product,timestamp
0,78.0,6,82.0,6,77.0,9,83.0,4,76.0,6,84.0,10,Call,100
0,78.0,3,80.0,1,77.0,8,81.0,10,76.0,1,82.0,7,Put,100
0,999.0,3,1001.0,7,998.0,4,1002.0,1,997.0,10,1003.0,4,Underlying,100
1,83.0,7,85.0,3,82.0,9,86.0,8,81.0,5,87.0,10,Call,200
1,76.0,8,80.0,7,75.0,6,81.0,3,74.0,5,82.0,10,Put,200
1,1004.0,6,1006.0,5,1003.0,4,1007.0,3,1002.0,10,1008.0,10,Underlying,200
2,84.0,9,88.0,4,83.0,10,89.0,3,82.0,7,90.0,1,Call,300
2,75.0,10,77.0,1,74.0,6,78.0,5,73.0,8,79.0,8,Put,300
2,1006.0,8,1010.0,8,1005.0,2,1011.0,1,1004.0,6,1012.0,2,Underlying,300
3,80.0,5,84.0,1,79.0,4,85.0,2,78.0,10,86.0,6,Call,400
3,77.0,2,79.0,8,76.0,7,80.0,4,75.0,2,81.0,6,Put,400
3,1007.0,6,1009.0,4,1006.0,1,1010.0,4,1005.0,1,1011.0,5,Underlying,400
4,76.0,1,80.0,1,75.0,9,81.0,6,74.0,9,82.0,10,Put,500
4,1004.0,8,1006.0,1,1003.0,5,1007.0,8,1002.0,9,1008.0,8,Underlying,500
4,80.0,9,84.0,7,79.0,7,85.0,5,78.0,9,86.0,3,Call,500
5,1001.0,1,1003.0,8,1000.0,4,1004.0,3,999.0,8,1005.0,9,Underlying,600
5,80.0,7,82.0,8,79.0,1,83.0,3,78.0,3,84.0,1,Call,600
5,78.0,9,82.0,9,77.0,1,83.0,6,76.0,2,84.0,9,Put,600
6,996.0,7,1000.0,4,995.0,1,1001.0,3,994.0,7,1002.0,4,Underlying,700
6,78.0,5,80.0,2,77.0,8,81.0,10,76.0,6,82.0,2,Call,700
6,77.0,6,79.0,4,76.0,5,80.0,8,75.0,2,81.0,3,Put,700
7,999.0,2,1001.0,5,998.0,10,1002.0,6,997.0,9,1003.0,9,Underlying,800
7,77.0,6,81.0,4,76.0,7,82.0,1,75.0,4,83.0,3,Call,800
7,79.0,2,81.0,5,78.0,5,82.0,5,77.0,3,83.0,8,Put,800
8,1002.0,7,1006.0,2,1001.0,7,1007.0,2,1000.0,4,1008.0,9,Underlying,900
8,74.0,5,78.0,1,73.0,7,79.0,5,72.0,10,80.0,4,Put,900
8,78.0,7,80.0,7,77.0,7,81.0,10,76.0,1,82.0,4,Call,900
9,72.0,10,76.0,7,71.0,4,77.0,6,70.0,6,78.0,6,Put,1000
9,1008.0,2,1010.0,5,1007.0,10,1011.0,7,1006.0,5,1012.0,9,Underlying,1000
9,81.0,2,83.0,4,80.0,4,84.0,7,79.0,2,85.0,1,Call,1000
10,75.0,4,77.0,6,74.0,1,78.0,9,73.0,1,79.0,5,Put,1100
10,1005.0,6,1009.0,1,1004.0,10,1010.0,7,1003.0,1,1011.0,2,Underlying,1100
10,79.0,9,81.0,8,78.0,1,82.0,5,77.0,2,83.0,4,Call,1100
11,71.0,9,73.0,1,70.0,7,74.0,10,69.0,6,75.0,6,Put,1200
11,1004.0,4,1008.0,7,1003.0,5,1009.0,4,1002.0,5,1010.0,9,Underlying,1200
11,79.0,8,83.0,2,78.0,10,84.0,6,77.0,7,85.0,1,Call,1200
12,1003.0,6,1005.0,1,1002.0,1,1006.0,2,1001.0,4,1007.0,2,Underlying,1300
12,79.0,4,81.0,8,78.0,3,82.0,6,77.0,1,83.0,6,Call,1300
12,72.0,10,74.0,3,71.0,4,75.0,5,70.0,3,76.0,3,Put,1300
13,79.0,2,83.0,2,78.0,4,84.0,10,77.0,3,85.0,6,Call,1400
13,74.0,7,78.0,9,73.0,7,79.0,5,72.0,2,80.0,2,Put,1400
13,1003.0,8,1005.0,5,1002.0,3,1006.0,1,1001.0,8,1007.0,3,Underlying,1400
14,80.0,7,82.0,2,79.0,3,83.0,2,78.0,5,84.0,10,Call,1500
14,75.0,1,77.0,8,74.0,8,78.0,1,73.0,10,79.0,1,Put,1500
14,1005.0,10,1007.0,5,1004.0,2,1008.0,4,1003.0,8,1009.0,9,Underlying,1500
15,79.0,9,83.0,3,78.0,2,84.0,9,77.0,1,85.0,3,Call,1600
15,72.0,2,76.0,2,71.0,4,77.0,1,70.0,2,78.0,4,Put,1600
15,1000.0,3,1004.0,8,999.0,1,1005.0,6,998.0,2,1006.0,2,Underlying,1600
16,74.0,6,78.0,9,73.0,6,79.0,8,72.0,7,80.0,10,Put,1700
16,999.0,2,1003.0,5,998.0,5,1004.0,1,997.0,6,1005.0,2,Underlying,1700
16,76.0,9,80.0,2,75.0,8,81.0,7,74.0,1,82.0,7,Call,1700
17,999.0,6,1003.0,10,998.0,3,1004.0,5,997.0,9,1005.0,3,Underlying,1800
17,79.0,10,81.0,8,78.0,5,82.0,1,77.0,6,83.0,7,Call,1800
17,79.0,5,81.0,4,78.0,4,82.0,5,77.0,5,83.0,6,Put,1800
18,1003.0,10,1007.0,4,1002.0,5,1008.0,4,1001.0,9,1009.0,2,Underlying,1900
18,84.0,10,86.0,8,83.0,8,87.0,7,82.0,10,88.0,7,Call,1900
18,77.0,10,81.0,4,76.0,3,82.0,10,75.0,1,83.0,10,Put,1900
19,1009.0,10,1011.0,7,1008.0,1,1012.0,3,1007.0,9,1013.0,6,Underlying,2000
19,86.0,8,88.0,4,85.0,9,89.0,9,84.0,8,90.0,4,Call,2000
19,74.0,1,76.0,2,73.0,4,77.0,5,72.0,7,78.0,10,Put,2000
20,83.0,10,85.0,9,82.0,4,86.0,8,81.0,7,87.0,10,Call,2100
20,75.0,8,77.0,1,74.0,8,78.0,4,73.0,10,79.0,3,Put,2100
20,1004.0,4,1008.0,5,1003.0,2,1009.0,4,1002.0,2,1010.0,2,Underlying,2100
21,74.0,9,78.0,9,73.0,1,79.0,6,72.0,2,80.0,2,Put,2200
21,1005.0,4,1009.0,9,1004.0,6,1010.0,3,1003.0,1,1011.0,8,Underlying,2200
21,84.0,4,86.0,7,83.0,10,87.0,1,82.0,1,88.0,6,Call,2200
22,78.0,9,82.0,4,77.0,5,83.0,9,76.0,4,84.0,7,Put,2300
22,1002.0,8,1006.0,10,1001.0,8,1007.0,7,1000.0,10,1008.0,3,Underlying,2300
22,80.0,6,84.0,8,79.0,6,85.0,9,78.0,5,86.0,5,Call,2300
23,77.0,6,81.0,6,76.0,7,82.0,9,75.0,2,83.0,9,Put,2400
23,1004.0,6,1006.0,8,1003.0,7,1007.0,2,1002.0,4,1008.0,7,Underlying,2400
23,81.0,2,85.0,7,80.0,3,86.0,10,79.0,5,87.0,7,Call,2400
24,78.0,5,82.0,6,77.0,2,83.0,10,76.0,8,84.0,5,Put,2500
24,83.0,8,87.0,10,82.0,7,88.0,9,81.0,2,89.0,10,Call,2500
24,999.0,1,1001.0,7,998.0,4,1002.0,9,997.0,1,1003.0,3,Underlying,2500
25,81.0,2,83.0,1,80.0,8,84.0,2,79.0,7,85.0,7,Call,2600
25,78.0,7,82.0,4,77.0,3,83.0,8,76.0,2,84.0,10,Put,2600
25,999.0,2,1001.0,6,998.0,4,1002.0,10,997.0,1,1003.0,6,Underlying,2600
26,80.0,5,82.0,10,79.0,4,83.0,3,78.0,5,84.0,8,Call,2700
26,83.0,2,87.0,9,82.0,3,88.0,2,81.0,6,89.0,7,Put,2700
26,995.0,2,997.0,5,994.0,8,998.0,8,993.0,3,999.0,8,Underlying,2700
27,77.0,5,79.0,1,76.0,2,80.0,1,75.0,7,81.0,3,Call,2800
27,85.0,1,89.0,9,84.0,2,90.0,10,83.0,3,91.0,5,Put,2800
27,990.0,6,994.0,8,989.0,3,995.0,8,988.0,2,996.0,9,Underlying,2800
28,88.0,4,90.0,5,87.0,2,91.0,6,86.0,7,92.0,4,Put,2900
28,988.0,8,990.0,10,987.0,9,991.0,2,986.0,2,992.0,4,Underlying,2900
28,77.0,8,79.0,6,76.0,1,80.0,7,75.0,7,81.0,7,Call,2900
29,985.0,8,987.0,10,984.0,3,988.0,4,983.0,3,989.0,5,Underlying,3000
29,75.0,4,79.0,5,74.0,2,80.0,1,73.0,8,81.0,4,Call,3000
29,90.0,2,94.0,2,89.0,4,95.0,3,88.0,4,96.0,1,Put,3000
30,985.0,3,989.0,10,984.0,10,990.0,3,983.0,8,991.0,2,Underlying,3100
30,76.0,2,78.0,8,75.0,5,79.0,8,74.0,4,80.0,10,Call,3100
30,92.0,10,94.0,2,91.0,10,95.0,9,90.0,7,96.0,8,Put,3100
31,990.0,1,992.0,2,989.0,8,993.0,5,988.0,7,994.0,3,Underlying,3200
31,75.0,8,79.0,7,74.0,9,80.0,4,73.0,3,81.0,8,Call,3200
31,85.0,10,87.0,7,84.0,1,88.0,7,83.0,10,89.0,9,Put,3200
32,992.0,4,994.0,2,991.0,10,995.0,2,990.0,2,996.0,3,Underlying,3300
32,86.0,8,88.0,9,85.0,9,89.0,2,84.0,9,90.0,6,Put,3300
32,80.0,3,84.0,6,79.0,6,85.0,4,78.0,3,86.0,7,Call,3300
33,85.0,7,87.0,7,84.0,7,88.0,5,83.0,6,89.0,6,Put,3400
33,988.0,7,992.0,1,987.0,3,993.0,10,986.0,4,994.0,4,Underlying,3400
33,76.0,4,80.0,3,75.0,6,81.0,5,74.0,9,82.0,1,Call,3400
34,84.0,3,86.0,4,83.0,1,87.0,4,82.0,10,88.0,9,Put,3500
34,987.0,8,991.0,1,986.0,6,992.0,1,985.0,5,993.0,5,Underlying,3500
34,73.0,4,77.0,3,72.0,3,78.0,8,71.0,6,79.0,7,Call,3500
35,88.0,6,92.0,3,87.0,4,93.0,7,86.0,9,94.0,2,Put,3600
35,982.0,3,986.0,9,981.0,1,987.0,10,980.0,10,988.0,9,Underlying,3600
35,71.0,3,73.0,9,70.0,2,74.0,1,69.0,4,75.0,2,Call,3600
36,982.0,10,984.0,5,981.0,6,985.0,1,980.0,8,986.0,3,Underlying,3700
36,74.0,2,76.0,7,73.0,9,77.0,3,72.0,3,78.0,9,Call,3700
36,88.0,2,92.0,10,87.0,2,93.0,5,86.0,6,94.0,9,Put,3700
37,70.0,5,72.0,7,69.0,4,73.0,5,68.0,9,74.0,7,Call,3800
37,89.0,6,93.0,10,88.0,2,94.0,6,87.0,6,95.0,9,Put,3800
37,977.0,8,981.0,2,976.0,10,982.0,3,975.0,10,983.0,6,Underlying,3800
38,69.0,9,73.0,5,68.0,4,74.0,4,67.0,6,75.0,9,Call,3900
38,91.0,8,95.0,6,90.0,8,96.0,2,89.0,1,97.0,3,Put,3900
38,974.0,9,976.0,5,973.0,6,977.0,4,972.0,5,978.0,10,Underlying,3900
39,68.0,7,70.0,4,67.0,4,71.0,3,66.0,8,72.0,9,Call,4000
39,91.0,7,95.0,5,90.0,6,96.0,2,89.0,7,97.0,2,Put,4000
39,973.0,6,975.0,1,972.0,8,976.0,10,971.0,2,977.0,3,Underlying,4000
40,65.0,5,67.0,1,64.0,8,68.0,1,63.0,2,69.0,4,Call,4100
40,972.0,1,976.0,2,971.0,7,977.0,10,970.0,4,978.0,7,Underlying,4100
40,93.0,9,97.0,3,92.0,7,98.0,5,91.0,4,99.0,10,Put,4100
41,973.0,7,977.0,8,972.0,7,978.0,3,971.0,1,979.0,8,Underlying,4200
41,65.0,7,69.0,5,64.0,4,70.0,3,63.0,2,71.0,2,Call,4200
41,91.0,10,95.0,4,90.0,5,96.0,7,89.0,5,97.0,8,Put,4200
42,974.0,10,976.0,2,973.0,10,977.0,8,972.0,7,978.0,2,Underlying,4300
42,66.0,6,70.0,8,65.0,3,71.0,3,64.0,10,72.0,10,Call,4300
42,92.0,1,96.0,10,91.0,5,97.0,2,90.0,7,98.0,3,Put,4300
43,975.0,2,979.0,3,974.0,8,980.0,2,973.0,8,981.0,10,Underlying,4400
43,66.0,2,70.0,4,65.0,7,71.0,9,64.0,2,72.0,10,Call,4400
43,87.0,10,89.0,6,86.0,2,90.0,4,85.0,4,91.0,8,Put,4400
44,64.0,10,68.0,2,63.0,3,69.0,8,62.0,2,70.0,5,Call,4500
44,86.0,4,88.0,8,85.0,2,89.0,3,84.0,4,90.0,4,Put,4500
44,979.0,3,981.0,10,978.0,3,982.0,9,977.0,3,983.0,10,Underlying,4500
45,86.0,5,90.0,3,85.0,8,91.0,1,84.0,7,92.0,4,Put,4600
45,978.0,9,980.0,10,977.0,6,981.0,7,976.0,8,982.0,8,Underlying,4600
45,66.0,6,70.0,7,65.0,8,71.0,5,64.0,4,72.0,8,Call,4600
46,87.0,10,89.0,9,86.0,8,90.0,7,85.0,1,91.0,9,Put,4700
46,982.0,10,984.0,6,981.0,1,985.0,6,980.0,6,986.0,8,Underlying,4700
46,70.0,2,72.0,9,69.0,3,73.0,8,68.0,6,74.0,4,Call,4700
47,85.0,3,89.0,7,84.0,1,90.0,4,83.0,5,91.0,8,Put,4800
47,980.0,1,982.0,3,979.0,10,983.0,8,978.0,9,984.0,5,Underlying,4800
47,69.0,4,73.0,2,68.0,1,74.0,5,67.0,5,75.0,3,Call,4800
48,976.0,2,980.0,6,975.0,5,981.0,5,974.0,2,982.0,4,Underlying,4900
48,64.0,9,68.0,4,63.0,8,69.0,7,62.0,5,70.0,1,Call,4900
48,86.0,5,88.0,4,85.0,3,89.0,2,84.0,7,90.0,2,Put,4900
49,64.0,9,66.0,1,63.0,7,67.0,3,62.0,9,68.0,5,Call,5000
49,90.0,7,94.0,10,89.0,6,95.0,8,88.0,2,96.0,5,Put,5000
49,976.0,6,978.0,3,975.0,10,979.0,10,974.0,3,980.0,5,Underlying,5000
50,69.0,3,71.0,8,68.0,2,72.0,2,67.0,8,73.0,6,Call,5100
50,86.0,9,90.0,1,85.0,1,91.0,9,84.0,2,92.0,5,Put,5100
50,980.0,1,982.0,6,979.0,3,983.0,6,978.0,9,984.0,6,Underlying,5100
51,66.0,10,68.0,8,65.0,7,69.0,4,64.0,8,70.0,7,Call,5200
51,88.0,9,92.0,1,87.0,8,93.0,1,86.0,9,94.0,5,Put,5200
51,975.0,10,977.0,10,974.0,4,978.0,7,973.0,9,979.0,10,Underlying,5200
52,91.0,9,93.0,7,90.0,7,94.0,2,89.0,6,95.0,9,Put,5300
52,969.0,8,973.0,6,968.0,1,974.0,1,967.0,1,975.0,8,Underlying,5300
52,61.0,3,65.0,6,60.0,9,66.0,7,59.0,8,67.0,5,Call,5300
53,972.0,8,974.0,5,971.0,7,975.0,10,970.0,7,976.0,3,Underlying,5400
53,64.0,5,68.0,2,63.0,5,69.0,8,62.0,3,70.0,7,Call,5400
53,92.0,7,94.0,6,91.0,4,95.0,1,90.0,2,96.0,9,Put,5400
54,974.0,3,978.0,6,973.0,10,979.0,8,972.0,9,980.0,8,Underlying,5500
54,66.0,7,70.0,9,65.0,8,71.0,1,64.0,9,72.0,3,Call,5500
54,90.0,4,94.0,8,89.0,7,95.0,7,88.0,9,96.0,4,Put,5500
55,977.0,4,981.0,5,976.0,4,982.0,1,975.0,7,983.0,1,Underlying,5600
55,66.0,4,70.0,3,65.0,6,71.0,1,64.0,2,72.0,4,Call,5600
55,87.0,10,91.0,2,86.0,2,92.0,8,85.0,8,93.0,6,Put,5600
56,980.0,4,984.0,3,979.0,9,985.0,10,978.0,2,986.0,2,Underlying,5700
56,87.0,7,91.0,6,86.0,6,92.0,3,85.0,7,93.0,8,Put,5700
56,67.0,3,69.0,3,66.0,9,70.0,2,65.0,8,71.0,2,Call,5700
57,89.0,7,93.0,5,88.0,4,94.0,8,87.0,2,95.0,10,Put,5800
57,978.0,4,980.0,3,977.0,4,981.0,6,976.0,3,982.0,1,Underlying,5800
57,67.0,8,69.0,4,66.0,6,70.0,6,65.0,10,71.0,2,Call,5800
58,87.0,8,91.0,2,86.0,8,92.0,3,85.0,6,93.0,5,Put,5900
58,981.0,9,985.0,2,980.0,2,986.0,5,979.0,5,987.0,3,Underlying,5900
58,67.0,1,71.0,6,66.0,5,72.0,10,65.0,1,73.0,6,Call,5900
59,82.0,4,86.0,4,81.0,6,87.0,6,80.0,8,88.0,8,Put,6000
59,986.0,2,990.0,5,985.0,3,991.0,7,984.0,5,992.0,5,Underlying,6000
59,70.0,4,74.0,7,69.0,6,75.0,1,68.0,5,76.0,1,Call,6000
60,987.0,1,989.0,10,986.0,9,990.0,4,985.0,8,991.0,9,Underlying,6100
60,70.0,2,72.0,6,69.0,8,73.0,7,68.0,9,74.0,5,Call,6100
60,83.0,1,85.0,1,82.0,2,86.0,9,81.0,3,87.0,8,Put,6100
61,66.0,4,70.0,10,65.0,6,71.0,6,64.0,1,72.0,7,Call,6200
61,84.0,9,86.0,4,83.0,6,87.0,3,82.0,5,88.0,5,Put,6200
61,986.0,10,988.0,10,985.0,9,989.0,7,984.0,3,990.0,2,Underlying,6200
62,70.0,9,72.0,7,69.0,2,73.0,1,68.0,7,74.0,10,Call,6300
62,82.0,8,86.0,4,81.0,8,87.0,2,80.0,3,88.0,9,Put,6300
62,988.0,10,990.0,4,987.0,9,991.0,1,986.0,6,992.0,7,Underlying,6300
63,86.0,1,88.0,5,85.0,10,89.0,5,84.0,10,90.0,8,Put,6400
63,984.0,5,986.0,9,983.0,4,987.0,9,982.0,10,988.0,2,Underlying,6400
63,69.0,10,73.0,10,68.0,5,74.0,3,67.0,5,75.0,10,Call,6400
64,988.0,5,990.0,5,987.0,1,991.0,8,986.0,1,992.0,9,Underlying,6500
64,70.0,5,74.0,7,69.0,5,75.0,7,68.0,3,76.0,5,Call,6500
64,81.0,4,83.0,5,80.0,3,84.0,6,79.0,9,85.0,1,Put,6500
65,991.0,3,995.0,7,990.0,7,996.0,8,989.0,8,997.0,8,Underlying,6600
65,74.0,1,76.0,1,73.0,8,77.0,2,72.0,8,78.0,5,Call,6600
65,82.0,8,86.0,1,81.0,4,87.0,9,80.0,10,88.0,7,Put,6600
66,991.0,2,995.0,3,990.0,8,996.0,3,989.0,3,997.0,10,Underlying,6700
66,78.0,10,80.0,8,77.0,1,81.0,5,76.0,5,82.0,4,Call,6700
66,85.0,8,87.0,10,84.0,9,88.0,9,83.0,2,89.0,6,Put,6700
67,76.0,8,78.0,8,75.0,5,79.0,4,74.0,1,80.0,3,Call,6800
67,82.0,3,86.0,9,81.0,7,87.0,9,80.0,1,88.0,7,Put,6800
67,994.0,9,996.0,6,993.0,7,997.0,2,992.0,4,998.0,8,Underlying,6800
68,79.0,1,83.0,2,78.0,9,84.0,6,77.0,7,85.0,10,Put,6900
68,993.0,3,995.0,10,992.0,1,996.0,5,991.0,3,997.0,2,Underlying,6900
68,78.0,1,82.0,1,77.0,4,83.0,8,76.0,6,84.0,4,Call,6900
69,85.0,8,89.0,6,84.0,3,90.0,3,83.0,3,91.0,3,Put,7000
69,990.0,8,992.0,9,989.0,10,993.0,1,988.0,3,994.0,10,Underlying,7000
69,75.0,5,79.0,8,74.0,6,80.0,1,73.0,3,81.0,2,Call,7000
70,85.0,4,87.0,10,84.0,3,88.0,1,83.0,4,89.0,9,Put,7100
70,989.0,5,991.0,9,988.0,6,992.0,5,987.0,6,993.0,9,Underlying,7100
70,76.0,8,78.0,5,75.0,7,79.0,6,74.0,5,80.0,10,Call,7100
71,86.0,10,90.0,7,85.0,8,91.0,8,84.0,1,92.0,6,Put,7200
71,74.0,2,76.0,1,73.0,10,77.0,7,72.0,8,78.0,5,Call,7200
71,987.0,7,989.0,1,986.0,8,990.0,7,985.0,3,991.0,6,Underlying,7200
72,77.0,6,79.0,2,76.0,5,80.0,1,75.0,7,81.0,9,Call,7300
72,85.0,3,89.0,3,84.0,4,90.0,9,83.0,8,91.0,9,Put,7300
72,990.0,4,992.0,4,989.0,1,993.0,9,988.0,4,994.0,8,Underlying,7300
73,74.0,6,76.0,2,73.0,1,77.0,4,72.0,10,78.0,6,Call,7400
73,87.0,8,89.0,2,86.0,2,90.0,7,85.0,7,91.0,2,Put,7400
73,986.0,2,990.0,7,985.0,1,991.0,1,984.0,3,992.0,1,Underlying,7400
74,71.0,1,73.0,7,70.0,9,74.0,10,69.0,8,75.0,10,Call,7500
74,83.0,3,87.0,1,82.0,1,88.0,4,81.0,10,89.0,3,Put,7500
74,985.0,1,989.0,5,984.0,5,990.0,1,983.0,9,991.0,9,Underlying,7500
75,85.0,4,89.0,4,84.0,6,90.0,4,83.0,9,91.0,5,Put,7600
75,984.0,5,988.0,10,983.0,2,989.0,5,982.0,1,990.0,4,Underlying,7600
75,69.0,8,73.0,8,68.0,1,74.0,3,67.0,4,75.0,7,Call,7600
76,984.0,9,986.0,6,983.0,10,987.0,9,982.0,9,988.0,1,Underlying,7700
76,71.0,4,73.0,6,70.0,3,74.0,9,69.0,10,75.0,1,Call,7700
76,86.0,8,88.0,10,85.0,8,89.0,8,84.0,2,90.0,1,Put,7700
77,979.0,9,983.0,6,978.0,3,984.0,1,977.0,4,985.0,8,Underlying,7800
77,70.0,6,74.0,7,69.0,7,75.0,2,68.0,4,76.0,8,Call,7800
77,86.0,10,88.0,8,85.0,6,89.0,8,84.0,8,90.0,9,Put,7800
78,978.0,10,982.0,3,977.0,6,983.0,1,976.0,5,984.0,8,Underlying,7900
78,68.0,3,70.0,6,67.0,2,71.0,2,66.0,2,72.0,10,Call,7900
78,92.0,3,94.0,7,91.0,4,95.0,6,90.0,5,96.0,3,Put,7900
79,71.0,2,75.0,2,70.0,1,76.0,4,69.0,4,77.0,6,Call,8000
79,88.0,2,92.0,1,87.0,9,93.0,6,86.0,5,94.0,2,Put,8000
79,983.0,2,985.0,8,982.0,7,986.0,7,981.0,6,987.0,7,Underlying,8000
80,88.0,2,92.0,3,87.0,7,93.0,1,86.0,8,94.0,3,Put,8100
80,980.0,1,982.0,7,979.0,6,983.0,6,978.0,6,984.0,2,Underlying,8100
80,71.0,5,75.0,1,70.0,9,76.0,1,69.0,4,77.0,7,Call,8100
81,86.0,10,90.0,7,85.0,4,91.0,10,84.0,2,92.0,2,Put,8200
81,978.0,4,982.0,10,977.0,1,983.0,9,976.0,4,984.0,10,Underlying,8200
81,72.0,7,74.0,4,71.0,3,75.0,2,70.0,5,76.0,1,Call,8200
82,88.0,7,90.0,4,87.0,2,91.0,7,86.0,7,92.0,7,Put,8300
82,976.0,9,978.0,4,975.0,3,979.0,3,974.0,8,980.0,9,Underlying,8300
82,68.0,2,72.0,6,67.0,7,73.0,4,66.0,4,74.0,7,Call,8300
83,978.0,2,982.0,4,977.0,6,983.0,4,976.0,5,984.0,4,Underlying,8400
83,70.0,7,72.0,6,69.0,6,73.0,2,68.0,5,74.0,4,Call,8400
83,87.0,1,91.0,3,86.0,5,92.0,1,85.0,3,93.0,9,Put,8400
84,65.0,5,69.0,4,64.0,1,70.0,5,63.0,10,71.0,2,Call,8500
84,84.0,1,86.0,1,83.0,7,87.0,4,82.0,10,88.0,3,Put,8500
84,980.0,6,982.0,10,979.0,6,983.0,4,978.0,2,984.0,9,Underlying,8500
85,67.0,8,71.0,8,66.0,6,72.0,5,65.0,8,73.0,2,Call,8600
85,82.0,8,84.0,4,81.0,4,85.0,1,80.0,6,86.0,7,Put,8600
85,983.0,5,985.0,6,982.0,7,986.0,3,981.0,2,987.0,5,Underlying,8600
86,65.0,6,69.0,6,64.0,3,70.0,4,63.0,2,71.0,8,Call,8700
86,86.0,4,88.0,3,85.0,5,89.0,6,84.0,4,90.0,9,Put,8700
86,979.0,2,981.0,1,978.0,9,982.0,4,977.0,6,983.0,10,Underlying,8700
87,68.0,2,70.0,1,67.0,8,71.0,5,66.0,2,72.0,7,Call,8800
87,977.0,1,981.0,4,976.0,6,982.0,3,975.0,4,983.0,3,Underlying,8800
87,86.0,1,90.0,3,85.0,2,91.0,8,84.0,9,92.0,3,Put,8800
88,980.0,3,984.0,4,979.0,2,985.0,5,978.0,6,986.0,2,Underlying,8900
88,68.0,3,70.0,7,67.0,5,71.0,10,66.0,9,72.0,6,Call,8900
88,82.0,4,86.0,6,81.0,9,87.0,9,80.0,3,88.0,9,Put,8900
89,984.0,1,988.0,7,983.0,9,989.0,1,982.0,6,990.0,8,Underlying,9000
89,69.0,3,73.0,9,68.0,4,74.0,3,67.0,8,75.0,7,Call,9000
89,81.0,1,83.0,1,80.0,1,84.0,1,79.0,7,85.0,5,Put,9000
90,985.0,3,987.0,9,984.0,4,988.0,3,983.0,8,989.0,4,Underlying,9100
90,69.0,10,73.0,5,68.0,2,74.0,3,67.0,9,75.0,5,Call,9100
90,85.0,7,87.0,5,84.0,1,88.0,7,83.0,6,89.0,9,Put,9100
91,71.0,4,73.0,6,70.0,10,74.0,1,69.0,6,75.0,8,Call,9200
91,82.0,2,84.0,1,81.0,8,85.0,1,80.0,5,86.0,3,Put,9200
91,986.0,8,988.0,10,985.0,1,989.0,7,984.0,9,990.0,8,Underlying,9200
92,81.0,4,85.0,2,80.0,8,86.0,8,79.0,1,87.0,2,Put,9300
92,987.0,5,991.0,8,986.0,3,992.0,3,985.0,7,993.0,2,Underlying,9300
92,70.0,7,74.0,6,69.0,10,75.0,5,68.0,2,76.0,7,Call,9300
93,83.0,4,87.0,7,82.0,3,88.0,6,81.0,9,89.0,9,Put,9400
93,985.0,3,987.0,2,984.0,6,988.0,9,983.0,7,989.0,7,Underlying,9400
93,71.0,4,73.0,5,70.0,5,74.0,10,69.0,7,75.0,9,Call,9400
94,80.0,9,82.0,8,79.0,1,83.0,9,78.0,3,84.0,3,Put,9500
94,70.0,9,74.0,6,69.0,8,75.0,9,68.0,3,76.0,7,Call,9500
94,989.0,1,993.0,1,988.0,10,994.0,7,987.0,5,995.0,5,Underlying,9500
95,70.0,3,72.0,3,69.0,3,73.0,6,68.0,8,74.0,2,Call,9600
95,84.0,10,86.0,10,83.0,4,87.0,10,82.0,10,88.0,6,Put,9600
95,985.0,2,989.0,9,984.0,5,990.0,9,983.0,1,991.0,4,Underlying,9600
96,72.0,5,74.0,6,71.0,9,75.0,6,70.0,1,76.0,3,Call,9700
96,80.0,2,82.0,8,79.0,1,83.0,9,78.0,7,84.0,9,Put,9700
96,988.0,10,992.0,9,987.0,2,993.0,6,986.0,8,994.0,10,Underlying,9700
97,74.0,6,76.0,1,73.0,1,77.0,9,72.0,8,78.0,9,Call,9800
97,83.0,9,85.0,4,82.0,7,86.0,3,81.0,9,87.0,1,Put,9800
97,990.0,7,992.0,1,989.0,8,993.0,8,988.0,3,994.0,5,Underlying,9800
98,83.0,1,85.0,1,82.0,10,86.0,9,81.0,6,87.0,5,Put,9900
98,995.0,4,997.0,4,994.0,7,998.0,1,993.0,10,999.0,5,Underlying,9900
98,76.0,2,78.0,1,75.0,2,79.0,3,74.0,6,80.0,8,Call,9900
99,990.0,2,992.0,6,989.0,10,993.0,6,988.0,9,994.0,4,Underlying,10000
99,74.0,10,76.0,7,73.0,3,77.0,10,72.0,9,78.0,2,Call,10000
99,81.0,10,83.0,2,80.0,4,84.0,3,79.0,9,85.0,2,Put,10000
100,986.0,8,990.0,3,985.0,4,991.0,6,984.0,6,992.0,8,Underlying,10100
100,74.0,2,76.0,10,73.0,3,77.0,5,72.0,10,78.0,1,Call,10100
100,83.0,3,87.0,3,82.0,9,88.0,1,81.0,5,89.0,7,Put,10100
101,985.0,5,987.0,8,984.0,8,988.0,8,983.0,10,989.0,6,Underlying,10200
101,72.0,3,76.0,9,71.0,8,77.0,5,70.0,9,78.0,4,Call,10200
101,86.0,7,88.0,9,85.0,4,89.0,8,84.0,2,90.0,9,Put,10200
102,987.0,4,989.0,4,986.0,9,990.0,9,985.0,7,991.0,7,Underlying,10300
102,85.0,6,87.0,6,84.0,7,88.0,1,83.0,7,89.0,10,Put,10300
102,73.0,10,77.0,10,72.0,10,78.0,9,71.0,10,79.0,4,Call,10300
103,88.0,9,90.0,2,87.0,3,91.0,9,86.0,6,92.0,2,Put,10400
103,984.0,2,986.0,9,983.0,9,987.0,10,982.0,1,988.0,2,Underlying,10400
103,70.0,5,74.0,1,69.0,8,75.0,2,68.0,3,76.0,9,Call,10400
104,83.0,2,87.0,4,82.0,3,88.0,3,81.0,3,89.0,8,Put,10500
104,984.0,7,988.0,1,983.0,1,989.0,7,982.0,8,990.0,2,Underlying,10500
104,70.0,7,74.0,7,69.0,1,75.0,7,68.0,4,76.0,9,Call,10500
105,88.0,8,92.0,10,87.0,1,93.0,7,86.0,3,94.0,4,Put,10600
105,982.0,8,984.0,5,981.0,6,985.0,7,980.0,6,986.0,9,Underlying,10600
105,73.0,9,75.0,7,72.0,2,76.0,9,71.0,8,77.0,6,Call,10600
106,985.0,7,987.0,2,984.0,10,988.0,6,983.0,9,989.0,8,Underlying,10700
106,71.0,2,73.0,7,70.0,6,74.0,3,69.0,9,75.0,2,Call,10700
106,82.0,10,86.0,1,81.0,2,87.0,10,80.0,5,88.0,7,Put,10700
107,71.0,3,75.0,4,70.0,10,76.0,8,69.0,2,77.0,7,Call,10800
107,88.0,9,90.0,6,87.0,2,91.0,1,86.0,4,92.0,1,Put,10800
107,981.0,5,985.0,9,980.0,3,986.0,3,979.0,3,987.0,4,Underlying,10800
108,71.0,3,73.0,9,70.0,1,74.0,4,69.0,3,75.0,7,Call,10900
108,87.0,2,91.0,5,86.0,1,92.0,5,85.0,3,93.0,2,Put,10900
108,977.0,6,981.0,8,976.0,6,982.0,1,975.0,3,983.0,6,Underlying,10900
109,65.0,5,67.0,6,64.0,6,68.0,10,63.0,1,69.0,9,Call,11000
109,93.0,6,95.0,3,92.0,4,96.0,9,91.0,4,97.0,9,Put,11000
109,974.0,9,978.0,2,973.0,9,979.0,2,972.0,8,980.0,10,Underlying,11000
110,92.0,4,94.0,3,91.0,3,95.0,5,90.0,7,96.0,9,Put,11100
110,974.0,5,978.0,1,973.0,9,979.0,3,972.0,3,980.0,3,Underlying,11100
110,68.0,3,72.0,9,67.0,8,73.0,8,66.0,9,74.0,9,Call,11100
111,970.0,5,974.0,8,969.0,7,975.0,3,968.0,1,976.0,7,Underlying,11200
111,65.0,4,69.0,7,64.0,3,70.0,6,63.0,8,71.0,7,Call,11200
111,91.0,5,95.0,4,90.0,10,96.0,5,89.0,3,97.0,9,Put,11200
112,974.0,7,978.0,10,973.0,1,979.0,8,972.0,10,980.0,2,Underlying,11300
112,71.0,3,73.0,8,70.0,7,74.0,5,69.0,1,75.0,1,Call,11300
112,90.0,8,92.0,7,89.0,10,93.0,7,88.0,2,94.0,9,Put,11300
113,975.0,9,979.0,10,974.0,2,980.0,5,973.0,2,981.0,7,Underlying,11400
113,68.0,5,72.0,1,67.0,2,73.0,4,66.0,4,74.0,9,Call,11400
113,90.0,9,94.0,1,89.0,4,95.0,9,88.0,8,96.0,8,Put,11400
114,65.0,9,69.0,4,64.0,6,70.0,7,63.0,9,71.0,9,Call,11500
114,93.0,2,97.0,7,92.0,4,98.0,4,91.0,7,99.0,8,Put,11500
114,975.0,5,977.0,8,974.0,10,978.0,3,973.0,2,979.0,6,Underlying,11500
115,89.0,9,93.0,9,88.0,5,94.0,4,87.0,2,95.0,3,Put,11600
115,980.0,1,982.0,9,979.0,3,983.0,5,978.0,7,984.0,4,Underlying,11600
115,68.0,6,72.0,1,67.0,2,73.0,8,66.0,10,74.0,1,Call,11600
116,89.0,6,93.0,7,88.0,8,94.0,3,87.0,9,95.0,2,Put,11700
116,983.0,6,987.0,2,982.0,1,988.0,4,981.0,1,989.0,4,Underlying,11700
116,76.0,10,78.0,3,75.0,7,79.0,6,74.0,2,80.0,8,Call,11700
117,88.0,1,90.0,8,87.0,2,91.0,3,86.0,4,92.0,10,Put,11800
117,983.0,4,987.0,3,982.0,8,988.0,5,981.0,6,989.0,10,Underlying,11800
117,73.0,9,75.0,4,72.0,8,76.0,8,71.0,6,77.0,6,Call,11800
118,91.0,10,93.0,2,90.0,5,94.0,4,89.0,1,95.0,9,Put,11900
118,70.0,6,74.0,6,69.0,9,75.0,6,68.0,7,76.0,6,Call,11900
118,983.0,2,985.0,10,982.0,5,986.0,2,981.0,7,987.0,8,Underlying,11900
119,73.0,10,75.0,7,72.0,4,76.0,5,71.0,10,77.0,10,Call,12000
119,91.0,7,95.0,2,90.0,6,96.0,10,89.0,4,97.0,1,Put,12000
119,981.0,3,985.0,3,980.0,9,986.0,2,979.0,3,987.0,4,Underlying,12000
120,69.0,8,73.0,2,68.0,10,74.0,2,67.0,4,75.0,9,Call,12100
120,92.0,4,96.0,5,91.0,8,97.0,6,90.0,7,98.0,7,Put,12100
120,977.0,2,979.0,3,976.0,7,980.0,7,975.0,6,981.0,1,Underlying,12100
121,66.0,8,68.0,10,65.0,3,69.0,4,64.0,6,70.0,4,Call,12200
121,92.0,1,96.0,10,91.0,1,97.0,2,90.0,6,98.0,3,Put,12200
121,975.0,4,977.0,2,974.0,4,978.0,8,973.0,10,979.0,5,Underlying,12200
122,92.0,10,94.0,4,91.0,5,95.0,6,90.0,4,96.0,5,Put,12300
122,974.0,1,978.0,4,973.0,10,979.0,10,972.0,3,980.0,9,Underlying,12300
122,65.0,4,67.0,4,64.0,1,68.0,9,63.0,2,69.0,5,Call,12300
123,975.0,7,977.0,3,974.0,8,978.0,5,973.0,4,979.0,6,Underlying,12400
123,66.0,8,68.0,2,65.0,2,69.0,3,64.0,7,70.0,8,Call,12400
123,90.0,4,92.0,1,89.0,7,93.0,5,88.0,1,94.0,5,Put,12400
124,977.0,6,981.0,9,976.0,10,982.0,7,975.0,8,983.0,6,Underlying,12500
124,71.0,8,73.0,7,70.0,6,74.0,5,69.0,7,75.0,10,Call,12500
124,89.0,1,91.0,7,88.0,4,92.0,7,87.0,3,93.0,5,Put,12500
125,975.0,2,979.0,5,974.0,7,980.0,3,973.0,5,981.0,1,Underlying,12600
125,89.0,9,91.0,4,88.0,8,92.0,6,87.0,5,93.0,10,Put,12600
125,66.0,2,70.0,4,65.0,1,71.0,7,64.0,3,72.0,2,Call,12600
126,92.0,4,96.0,4,91.0,1,97.0,7,90.0,2,98.0,3,Put,12700
126,978.0,1,980.0,5,977.0,10,981.0,4,976.0,4,982.0,3,Underlying,12700
126,69.0,10,73.0,8,68.0,10,74.0,9,67.0,2,75.0,10,Call,12700
127,94.0,10,96.0,8,93.0,4,97.0,6,92.0,5,98.0,4,Put,12800
127,972.0,3,976.0,7,971.0,10,977.0,4,970.0,6,978.0,3,Underlying,12800
127,65.0,6,69.0,9,64.0,9,70.0,7,63.0,5,71.0,1,Call,12800
128,93.0,8,95.0,8,92.0,4,96.0,3,91.0,4,97.0,7,Put,12900
128,969.0,1,971.0,5,968.0,8,972.0,6,967.0,6,973.0,7,Underlying,12900
128,63.0,4,67.0,2,62.0,3,68.0,1,61.0,3,69.0,10,Call,12900
129,967.0,3,969.0,4,966.0,2,970.0,6,965.0,7,971.0,6,Underlying,13000
129,64.0,5,66.0,5,63.0,1,67.0,1,62.0,5,68.0,2,Call,13000
129,94.0,2,98.0,2,93.0,3,99.0,7,92.0,2,100.0,10,Put,13000
130,63.0,10,65.0,5,62.0,2,66.0,3,61.0,1,67.0,4,Call,13100
130,91.0,1,95.0,1,90.0,5,96.0,7,89.0,3,97.0,6,Put,13100
130,970.0,9,972.0,6,969.0,3,973.0,6,968.0,2,974.0,7,Underlying,13100
131,66.0,8,68.0,4,65.0,4,69.0,5,64.0,2,70.0,9,Call,13200
131,93.0,3,95.0,3,92.0,10,96.0,7,91.0,7,97.0,5,Put,13200
131,969.0,4,973.0,4,968.0,10,974.0,7,967.0,2,975.0,9,Underlying,13200
132,65.0,6,69.0,10,64.0,10,70.0,5,63.0,7,71.0,5,Call,13300
132,94.0,1,96.0,6,93.0,3,97.0,5,92.0,3,98.0,8,Put,13300
132,970.0,6,972.0,6,969.0,4,973.0,1,968.0,2,974.0,5,Underlying,13300
133,66.0,8,68.0,8,65.0,1,69.0,9,64.0,6,70.0,3,Call,13400
133,971.0,3,975.0,10,970.0,4,976.0,2,969.0,5,977.0,2,Underlying,13400
133,91.0,10,95.0,8,90.0,6,96.0,6,89.0,9,97.0,7,Put,13400
134,968.0,7,970.0,9,967.0,9,971.0,8,966.0,1,972.0,5,Underlying,13500
134,64.0,4,66.0,4,63.0,4,67.0,7,62.0,3,68.0,9,Call,13500
134,96.0,10,100.0,10,95.0,9,101.0,2,94.0,8,102.0,10,Put,13500
135,963.0,1,967.0,5,962.0,4,968.0,9,961.0,6,969.0,3,Underlying,13600
135,63.0,9,65.0,3,62.0,4,66.0,7,61.0,1,67.0,5,Call,13600
135,95.0,1,97.0,6,94.0,5,98.0,6,93.0,6,99.0,6,Put,13600
136,966.0,3,970.0,5,965.0,1,971.0,3,964.0,4,972.0,7,Underlying,13700
136,64.0,5,66.0,1,63.0,3,67.0,4,62.0,9,68.0,10,Call,13700
136,92.0,1,96.0,8,91.0,7,97.0,2,90.0,10,98.0,1,Put,13700
137,62.0,9,64.0,2,61.0,3,65.0,4,60.0,10,66.0,3,Call,13800
137,93.0,1,97.0,4,92.0,6,98.0,2,91.0,8,99.0,8,Put,13800
137,966.0,6,970.0,2,965.0,8,971.0,6,964.0,10,972.0,3,Underlying,13800
138,91.0,8,95.0,7,90.0,1,96.0,4,89.0,9,97.0,4,Put,13900
138,971.0,6,973.0,6,970.0,6,974.0,6,969.0,7,975.0,1,Underlying,13900
138,66.0,10,70.0,2,65.0,1,71.0,8,64.0,7,72.0,10,Call,13900
139,93.0,8,97.0,2,92.0,10,98.0,2,91.0,4,99.0,5,Put,14000
139,966.0,4,970.0,8,965.0,7,971.0,4,964.0,5,972.0,3,Underlying,14000
139,61.0,2,63.0,5,60.0,6,64.0,5,59.0,1,65.0,6,Call,14000
140,92.0,1,94.0,5,91.0,6,95.0,9,90.0,10,96.0,1,Put,14100
140,970.0,4,974.0,3,969.0,6,975.0,7,968.0,6,976.0,4,Underlying,14100
140,65.0,10,67.0,1,64.0,5,68.0,5,63.0,2,69.0,10,Call,14100
141,972.0,6,974.0,3,971.0,7,975.0,10,970.0,10,976.0,6,Underlying,14200
141,65.0,10,69.0,9,64.0,1,70.0,9,63.0,4,71.0,6,Call,14200
141,90.0,1,92.0,8,89.0,9,93.0,5,88.0,3,94.0,9,Put,14200
142,66.0,2,68.0,5,65.0,7,69.0,8,64.0,6,70.0,10,Call,14300
142,91.0,5,93.0,10,90.0,9,94.0,6,89.0,10,95.0,3,Put,14300
142,975.0,3,979.0,10,974.0,9,980.0,8,973.0,10,981.0,2,Underlying,14300
143,66.0,3,68.0,4,65.0,10,69.0,9,64.0,7,70.0,7,Call,14400
143,89.0,6,91.0,9,88.0,3,92.0,8,87.0,3,93.0,3,Put,14400
143,974.0,6,978.0,1,973.0,7,979.0,4,972.0,1,980.0,3,Underlying,14400
144,63.0,6,65.0,1,62.0,5,66.0,6,61.0,7,67.0,8,Call,14500
144,87.0,7,89.0,10,86.0,10,90.0,1,85.0,4,91.0,1,Put,14500
144,975.0,5,977.0,3,974.0,3,978.0,8,973.0,1,979.0,5,Underlying,14500
145,83.0,3,87.0,10,82.0,4,88.0,6,81.0,8,89.0,6,Put,14600
145,977.0,6,981.0,2,976.0,9,982.0,9,975.0,3,983.0,3,Underlying,14600
145,63.0,6,67.0,6,62.0,5,68.0,10,61.0,1,69.0,2,Call,14600
146,976.0,2,978.0,9,975.0,4,979.0,8,974.0,5,980.0,8,Underlying,14700
146,62.0,3,64.0,1,61.0,7,65.0,3,60.0,1,66.0,7,Call,14700
146,85.0,10,87.0,8,84.0,8,88.0,10,83.0,10,89.0,6,Put,14700
147,971.0,1,973.0,2,970.0,1,974.0,3,969.0,8,975.0,7,Underlying,14800
147,63.0,6,65.0,5,62.0,8,66.0,6,61.0,2,67.0,3,Call,14800
147,88.0,2,90.0,2,87.0,7,91.0,8,86.0,6,92.0,10,Put,14800
148,968.0,2,972.0,7,967.0,1,973.0,10,966.0,8,974.0,2,Underlying,14900
148,60.0,10,64.0,3,59.0,8,65.0,6,58.0,10,66.0,3,Call,14900
148,91.0,4,93.0,3,90.0,4,94.0,7,89.0,4,95.0,1,Put,14900
149,967.0,6,969.0,6,966.0,9,970.0,1,965.0,5,971.0,6,Underlying,15000
149,92.0,2,96.0,2,91.0,3,97.0,10,90.0,7,98.0,3,Put,15000
149,57.0,4,61.0,8,56.0,9,62.0,5,55.0,10,63.0,2,Call,15000
150,90.0,8,94.0,5,89.0,2,95.0,5,88.0,6,96.0,5,Put,15100
150,964.0,4,968.0,7,963.0,1,969.0,1,962.0,1,970.0,7,Underlying,15100
150,61.0,5,65.0,9,60.0,9,66.0,10,59.0,1,67.0,5,Call,15100
151,90.0,7,94.0,1,89.0,3,95.0,1,88.0,6,96.0,6,Put,15200
151,965.0,6,967.0,6,964.0,6,968.0,6,963.0,9,969.0,8,Underlying,15200
151,58.0,6,60.0,5,57.0,6,61.0,2,56.0,1,62.0,10,Call,15200
152,95.0,8,99.0,4,94.0,3,100.0,5,93.0,4,101.0,7,Put,15300
152,960.0,2,964.0,10,959.0,9,965.0,7,958.0,3,966.0,9,Underlying,15300
152,59.0,7,61.0,5,58.0,4,62.0,9,57.0,8,63.0,10,Call,15300
153,957.0,3,959.0,7,956.0,7,960.0,2,955.0,2,961.0,4,Underlying,15400
153,58.0,4,62.0,10,57.0,9,63.0,2,56.0,1,64.0,5,Call,15400
153,96.0,8,98.0,5,95.0,8,99.0,1,94.0,7,100.0,5,Put,15400
154,54.0,5,58.0,10,53.0,7,59.0,4,52.0,1,60.0,4,Call,15500
154,95.0,8,97.0,5,94.0,5,98.0,10,93.0,2,99.0,8,Put,15500
154,957.0,8,961.0,9,956.0,8,962.0,10,955.0,9,963.0,1,Underlying,15500
155,56.0,2,58.0,6,55.0,3,59.0,10,54.0,7,60.0,3,Call,15600
155,91.0,6,93.0,3,90.0,9,94.0,6,89.0,9,95.0,3,Put,15600
155,962.0,6,966.0,1,961.0,7,967.0,1,960.0,5,968.0,6,Underlying,15600
156,58.0,3,60.0,1,57.0,1,61.0,1,56.0,4,62.0,9,Call,15700
156,97.0,4,99.0,10,96.0,10,100.0,1,95.0,10,101.0,6,Put,15700
156,959.0,3,961.0,3,958.0,5,962.0,4,957.0,5,963.0,6,Underlying,15700
157,60.0,5,62.0,1,59.0,9,63.0,3,58.0,5,64.0,2,Call,15800
157,963.0,6,965.0,8,962.0,1,966.0,8,961.0,9,967.0,2,Underlying,15800
157,94.0,9,96.0,4,93.0,1,97.0,5,92.0,10,98.0,1,Put,15800
158,963.0,3,965.0,2,962.0,6,966.0,7,961.0,4,967.0,1,Underlying,15900
158,57.0,5,59.0,9,56.0,1,60.0,1,55.0,6,61.0,8,Call,15900
158,92.0,1,94.0,5,91.0,9,95.0,6,90.0,10,96.0,6,Put,15900
159,963.0,4,967.0,1,962.0,1,968.0,7,961.0,8,969.0,8,Underlying,16000
159,57.0,9,59.0,8,56.0,1,60.0,2,55.0,6,61.0,2,Call,16000
159,92.0,8,94.0,5,91.0,8,95.0,3,90.0,2,96.0,1,Put,16000
160,960.0,8,964.0,1,959.0,4,965.0,9,958.0,2,966.0,2,Underlying,16100
160,59.0,2,63.0,2,58.0,8,64.0,4,57.0,4,65.0,10,Call,16100
160,94.0,7,96.0,6,93.0,7,97.0,1,92.0,8,98.0,5,Put,16100
161,54.0,2,58.0,5,53.0,7,59.0,4,52.0,3,60.0,3,Call,16200
161,95.0,6,99.0,3,94.0,8,100.0,5,93.0,7,101.0,2,Put,16200
161,961.0,8,965.0,2,960.0,6,966.0,5,959.0,3,967.0,8,Underlying,16200
162,98.0,5,100.0,9,97.0,5,101.0,3,96.0,4,102.0,1,Put,16300
162,958.0,10,962.0,1,957.0,9,963.0,7,956.0,8,964.0,2,Underlying,16300
162,57.0,5,61.0,8,56.0,6,62.0,2,55.0,3,63.0,8,Call,16300
163,96.0,5,98.0,1,95.0,9,99.0,4,94.0,2,100.0,8,Put,16400
163,958.0,2,960.0,9,957.0,10,961.0,7,956.0,1,962.0,7,Underlying,16400
163,53.0,4,57.0,5,52.0,10,58.0,5,51.0,5,59.0,10,Call,16400
164,92.0,6,94.0,1,91.0,7,95.0,5,90.0,2,96.0,6,Put,16500
164,961.0,4,965.0,4,960.0,5,966.0,10,959.0,10,967.0,8,Underlying,16500
164,55.0,3,57.0,3,54.0,5,58.0,3,53.0,2,59.0,6,Call,16500
165,91.0,1,93.0,9,90.0,6,94.0,8,89.0,4,95.0,2,Put,16600
165,56.0,1,58.0,10,55.0,2,59.0,9,54.0,3,60.0,10,Call,16600
165,962.0,8,966.0,7,961.0,6,967.0,6,960.0,6,968.0,1,Underlying,16600
166,55.0,10,57.0,5,54.0,4,58.0,3,53.0,9,59.0,4,Call,16700
166,93.0,7,97.0,2,92.0,2,98.0,10,91.0,4,99.0,8,Put,16700
166,958.0,10,960.0,8,957.0,10,961.0,9,956.0,8,962.0,10,Underlying,16700
167,54.0,5,56.0,2,53.0,5,57.0,4,52.0,2,58.0,6,Call,16800
167,94.0,6,96.0,3,93.0,6,97.0,4,92.0,4,98.0,5,Put,16800
167,958.0,4,962.0,5,957.0,1,963.0,6,956.0,1,964.0,6,Underlying,16800
168,55.0,6,57.0,10,54.0,5,58.0,1,53.0,8,59.0,5,Call,16900
168,91.0,2,93.0,4,90.0,7,94.0,2,89.0,2,95.0,6,Put,16900
168,961.0,7,963.0,7,960.0,4,964.0,5,959.0,9,965.0,7,Underlying,16900
169,94.0,3,98.0,10,93.0,8,99.0,9,92.0,4,100.0,6,Put,17000
169,959.0,6,961.0,5,958.0,9,962.0,2,957.0,10,963.0,4,Underlying,17000
169,53.0,6,55.0,2,52.0,1,56.0,1,51.0,8,57.0,9,Call,17000
170,957.0,7,961.0,10,956.0,7,962.0,1,955.0,9,963.0,6,Underlying,17100
170,53.0,1,57.0,3,52.0,5,58.0,1,51.0,5,59.0,10,Call,17100
170,93.0,8,95.0,6,92.0,1,96.0,2,91.0,1,97.0,6,Put,17100
171,955.0,6,959.0,8,954.0,9,960.0,4,953.0,5,961.0,10,Underlying,17200
171,54.0,7,58.0,4,53.0,2,59.0,10,52.0,1,60.0,7,Call,17200
171,95.0,7,99.0,9,94.0,5,100.0,5,93.0,3,101.0,6,Put,17200
172,959.0,1,961.0,7,958.0,2,962.0,4,957.0,8,963.0,4,Underlying,17300
172,54.0,6,58.0,5,53.0,10,59.0,5,52.0,1,60.0,2,Call,17300
172,95.0,7,97.0,1,94.0,7,98.0,7,93.0,6,99.0,2,Put,17300
173,54.0,1,56.0,5,53.0,10,57.0,3,52.0,4,58.0,3,Call,17400
173,93.0,2,97.0,9,92.0,2,98.0,9,91.0,9,99.0,4,Put,17400
173,962.0,3,964.0,2,961.0,9,965.0,7,960.0,8,966.0,2,Underlying,17400
174,96.0,3,98.0,10,95.0,6,99.0,3,94.0,9,100.0,8,Put,17500
174,956.0,5,960.0,1,955.0,6,961.0,8,954.0,7,962.0,8,Underlying,17500
174,53.0,2,57.0,1,52.0,4,58.0,9,51.0,4,59.0,8,Call,17500
175,95.0,7,97.0,3,94.0,7,98.0,6,93.0,6,99.0,2,Put,17600
175,954.0,5,958.0,6,953.0,9,959.0,1,952.0,6,960.0,3,Underlying,17600
175,51.0,9,55.0,1,50.0,7,56.0,10,49.0,1,57.0,7,Call,17600
176,96.0,4,100.0,2,95.0,10,101.0,7,94.0,1,102.0,4,Put,17700
176,954.0,10,958.0,9,953.0,5,959.0,6,952.0,10,960.0,3,Underlying,17700
176,52.0,9,56.0,4,51.0,7,57.0,1,50.0,2,58.0,2,Call,17700
177,954.0,3,958.0,8,953.0,5,959.0,1,952.0,8,960.0,2,Underlying,17800
177,51.0,5,53.0,8,50.0,6,54.0,4,49.0,2,55.0,8,Call,17800
177,94.0,7,96.0,1,93.0,8,97.0,10,92.0,10,98.0,1,Put,17800
178,48.0,1,52.0,10,47.0,7,53.0,1,46.0,9,54.0,2,Call,17900
178,97.0,9,101.0,9,96.0,4,102.0,6,95.0,6,103.0,10,Put,17900
178,952.0,9,956.0,6,951.0,7,957.0,8,950.0,9,958.0,10,Underlying,17900
179,52.0,5,54.0,9,51.0,7,55.0,9,50.0,2,56.0,4,Call,18000
179,95.0,7,97.0,2,94.0,5,98.0,5,93.0,9,99.0,8,Put,18000
179,954.0,1,956.0,4,953.0,8,957.0,1,952.0,5,958.0,2,Underlying,18000
180,50.0,2,52.0,9,49.0,1,53.0,10,48.0,1,54.0,1,Call,18100
180,98.0,8,100.0,6,97.0,3,101.0,7,96.0,8,102.0,8,Put,18100
180,948.0,6,952.0,5,947.0,1,953.0,8,946.0,1,954.0,9,Underlying,18100
181,50.0,5,52.0,5,49.0,9,53.0,1,48.0,1,54.0,1,Call,18200
181,946.0,7,950.0,3,945.0,7,951.0,2,944.0,6,952.0,1,Underlying,18200
181,99.0,1,103.0,6,98.0,10,104.0,6,97.0,7,105.0,5,Put,18200
182,943.0,1,945.0,1,942.0,6,946.0,1,941.0,9,947.0,5,Underlying,18300
182,49.0,7,51.0,5,48.0,8,52.0,6,47.0,1,53.0,9,Call,18300
182,105.0,4,107.0,2,104.0,8,108.0,2,103.0,4,109.0,9,Put,18300
183,939.0,3,941.0,7,938.0,4,942.0,5,937.0,8,943.0,3,Underlying,18400
183,44.0,9,48.0,10,43.0,10,49.0,6,42.0,8,50.0,6,Call,18400
183,107.0,10,111.0,3,106.0,7,112.0,1,105.0,1,113.0,5,Put,18400
184,938.0,10,940.0,7,937.0,4,941.0,6,936.0,8,942.0,1,Underlying,18500
184,45.0,6,47.0,4,44.0,4,48.0,3,43.0,10,49.0,8,Call,18500
184,108.0,1,112.0,4,107.0,2,113.0,4,106.0,3,114.0,2,Put,18500
185,49.0,7,53.0,8,48.0,7,54.0,7,47.0,9,55.0,8,Call,18600
185,107.0,3,109.0,6,106.0,6,110.0,3,105.0,2,111.0,6,Put,18600
185,939.0,9,941.0,9,938.0,8,942.0,5,937.0,1,943.0,1,Underlying,18600
186,103.0,1,105.0,9,102.0,10,106.0,4,101.0,5,107.0,10,Put,18700
186,942.0,2,944.0,8,941.0,3,945.0,5,940.0,4,946.0,2,Underlying,18700
186,47.0,8,49.0,10,46.0,3,50.0,7,45.0,4,51.0,4,Call,18700
187,106.0,1,110.0,9,105.0,5,111.0,2,104.0,3,112.0,5,Put,18800
187,938.0,3,942.0,9,937.0,3,943.0,10,936.0,4,944.0,3,Underlying,18800
187,50.0,7,54.0,4,49.0,7,55.0,3,48.0,8,56.0,7,Call,18800
188,937.0,7,939.0,5,936.0,9,940.0,1,935.0,1,941.0,2,Underlying,18900
188,48.0,10,52.0,9,47.0,1,53.0,2,46.0,3,54.0,7,Call,18900
188,107.0,6,111.0,1,106.0,3,112.0,6,105.0,1,113.0,5,Put,18900
189,44.0,7,48.0,6,43.0,1,49.0,2,42.0,5,50.0,7,Call,19000
189,109.0,5,113.0,5,108.0,1,114.0,4,107.0,4,115.0,10,Put,19000
189,933.0,2,937.0,1,932.0,6,938.0,2,931.0,9,939.0,8,Underlying,19000
190,43.0,1,47.0,2,42.0,3,48.0,9,41.0,1,49.0,10,Call,19100
190,113.0,9,115.0,8,112.0,1,116.0,4,111.0,10,117.0,4,Put,19100
190,929.0,3,933.0,7,928.0,10,934.0,6,927.0,10,935.0,6,Underlying,19100
191,41.0,7,43.0,8,40.0,9,44.0,10,39.0,2,45.0,3,Call,19200
191,108.0,4,110.0,7,107.0,3,111.0,10,106.0,3,112.0,1,Put,19200
191,931.0,6,935.0,8,930.0,5,936.0,4,929.0,10,937.0,3,Underlying,19200
192,110.0,1,112.0,1,109.0,10,113.0,3,108.0,2,114.0,1,Put,19300
192,931.0,10,935.0,7,930.0,8,936.0,8,929.0,8,937.0,8,Underlying,19300
192,43.0,6,45.0,2,42.0,5,46.0,9,41.0,5,47.0,4,Call,19300
193,930.0,8,932.0,3,929.0,7,933.0,7,928.0,8,934.0,3,Underlying,19400
193,44.0,2,46.0,10,43.0,7,47.0,3,42.0,2,48.0,6,Call,19400
193,113.0,4,115.0,10,112.0,1,116.0,4,111.0,1,117.0,3,Put,19400
194,929.0,6,933.0,5,928.0,1,934.0,10,927.0,8,935.0,6,Underlying,19500
194,40.0,1,42.0,2,39.0,6,43.0,4,38.0,9,44.0,6,Call,19500
194,111.0,10,113.0,7,110.0,4,114.0,6,109.0,9,115.0,2,Put,19500
195,927.0,8,929.0,10,926.0,3,930.0,2,925.0,7,931.0,10,Underlying,19600
195,41.0,5,45.0,7,40.0,2,46.0,5,39.0,4,47.0,4,Call,19600
195,113.0,3,117.0,5,112.0,1,118.0,10,111.0,5,119.0,9,Put,19600
196,932.0,3,934.0,9,931.0,9,935.0,9,930.0,4,936.0,5,Underlying,19700
196,108.0,7,110.0,1,107.0,1,111.0,10,106.0,5,112.0,5,Put,19700
196,44.0,3,46.0,3,43.0,1,47.0,3,42.0,8,48.0,3,Call,19700
197,105.0,7,109.0,4,104.0,4,110.0,10,103.0,2,111.0,4,Put,19800
197,934.0,6,936.0,2,933.0,2,937.0,10,932.0,4,938.0,6,Underlying,19800
197,42.0,8,46.0,5,41.0,4,47.0,9,40.0,5,48.0,3,Call,19800
198,110.0,1,114.0,7,109.0,10,115.0,6,108.0,3,116.0,2,Put,19900
198,931.0,5,935.0,10,930.0,4,936.0,10,929.0,8,937.0,1,Underlying,19900
198,40.0,7,44.0,9,39.0,3,45.0,3,38.0,1,46.0,2,Call,19900
199,113.0,9,115.0,8,112.0,8,116.0,7,111.0,6,117.0,3,Put,20000
199,928.0,7,930.0,5,927.0,9,931.0,10,926.0,10,932.0,1,Underlying,20000
199,40.0,3,44.0,1,39.0,10,45.0,1,38.0,5,46.0,5,Call,20000
200,927.0,6,929.0,5,926.0,6,930.0,1,925.0,8,931.0,4,Underlying,20100
200,43.0,8,45.0,5,42.0,4,46.0,4,41.0,3,47.0,5,Call,20100
200,113.0,3,115.0,2,112.0,3,116.0,3,111.0,3,117.0,7,Put,20100
201,42.0,2,46.0,6,41.0,10,47.0,7,40.0,1,48.0,5,Call,20200
201,119.0,5,121.0,4,118.0,7,122.0,7,117.0,7,123.0,3,Put,20200
201,921.0,5,925.0,10,920.0,8,926.0,5,919.0,1,927.0,4,Underlying,20200
202,41.0,8,45.0,8,40.0,2,46.0,4,39.0,4,47.0,2,Call,20300
202,120.0,8,124.0,5,119.0,5,125.0,9,118.0,6,126.0,10,Put,20300
202,918.0,10,920.0,5,917.0,3,921.0,1,916.0,4,922.0,6,Underlying,20300
203,39.0,6,43.0,4,38.0,6,44.0,7,37.0,1,45.0,7,Call,20400
203,125.0,10,127.0,3,124.0,5,128.0,10,123.0,1,129.0,9,Put,20400
203,913.0,5,917.0,5,912.0,3,918.0,3,911.0,6,919.0,7,Underlying,20400
204,124.0,1,128.0,2,123.0,1,129.0,10,122.0,1,130.0,6,Put,20500
204,914.0,5,918.0,3,913.0,2,919.0,3,912.0,10,920.0,5,Underlying,20500
204,43.0,6,45.0,5,42.0,2,46.0,8,41.0,5,47.0,4,Call,20500
205,919.0,8,921.0,5,918.0,5,922.0,4,917.0,1,923.0,8,Underlying,20600
205,41.0,4,45.0,2,40.0,4,46.0,7,39.0,7,47.0,1,Call,20600
205,123.0,7,125.0,10,122.0,9,126.0,3,121.0,8,127.0,10,Put,20600
206,921.0,3,925.0,10,920.0,5,926.0,7,919.0,3,927.0,10,Underlying,20700
206,43.0,6,45.0,8,42.0,7,46.0,5,41.0,7,47.0,10,Call,20700
206,121.0,1,125.0,10,120.0,5,126.0,9,119.0,5,127.0,10,Put,20700
207,924.0,9,928.0,6,923.0,8,929.0,5,922.0,9,930.0,4,Underlying,20800
207,43.0,3,47.0,10,42.0,1,48.0,10,41.0,3,49.0,6,Call,20800
207,116.0,1,118.0,6,115.0,8,119.0,9,114.0,10,120.0,1,Put,20800
208,44.0,9,46.0,7,43.0,4,47.0,5,42.0,1,48.0,9,Call,20900
208,118.0,10,120.0,2,117.0,1,121.0,8,116.0,10,122.0,7,Put,20900
208,928.0,3,930.0,9,927.0,5,931.0,4,926.0,2,932.0,6,Underlying,20900
209,109.0,7,113.0,5,108.0,1,114.0,2,107.0,10,115.0,7,Put,21000
209,933.0,8,935.0,4,932.0,1,936.0,10,931.0,5,937.0,5,Underlying,21000
209,47.0,5,49.0,5,46.0,4,50.0,5,45.0,2,51.0,2,Call,21000
210,113.0,1,115.0,5,112.0,1,116.0,2,111.0,1,117.0,4,Put,21100
210,937.0,4,939.0,2,936.0,7,940.0,1,935.0,5,941.0,9,Underlying,21100
210,48.0,6,50.0,8,47.0,2,51.0,7,46.0,2,52.0,4,Call,21100
211,107.0,10,109.0,9,106.0,6,110.0,5,105.0,6,111.0,5,Put,21200
211,940.0,10,944.0,7,939.0,7,945.0,2,938.0,8,946.0,2,Underlying,21200
211,52.0,2,54.0,2,51.0,1,55.0,7,50.0,1,56.0,10,Call,21200
212,108.0,7,110.0,1,107.0,10,111.0,5,106.0,5,112.0,1,Put,21300
212,51.0,3,55.0,8,50.0,1,56.0,4,49.0,10,57.0,2,Call,21300
212,942.0,3,944.0,10,941.0,3,945.0,2,940.0,2,946.0,3,Underlying,21300
213,52.0,4,56.0,3,51.0,4,57.0,1,50.0,1,58.0,6,Call,21400
213,108.0,8,110.0,8,107.0,6,111.0,3,106.0,2,112.0,2,Put,21400
213,943.0,10,947.0,9,942.0,4,948.0,9,941.0,10,949.0,3,Underlying,21400
214,50.0,6,54.0,1,49.0,6,55.0,4,48.0,10,56.0,7,Call,21500
214,107.0,2,111.0,5,106.0,10,112.0,10,105.0,2,113.0,2,Put,21500
214,941.0,2,945.0,8,940.0,1,946.0,6,939.0,1,947.0,5,Underlying,21500
215,53.0,7,57.0,4,52.0,8,58.0,10,51.0,5,59.0,8,Call,21600
215,109.0,6,113.0,7,108.0,7,114.0,4,107.0,10,115.0,10,Put,21600
215,943.0,6,947.0,8,942.0,8,948.0,1,941.0,5,949.0,4,Underlying,21600
216,109.0,3,113.0,5,108.0,7,114.0,1,107.0,9,115.0,3,Put,21700
216,943.0,7,947.0,10,942.0,1,948.0,2,941.0,9,949.0,2,Underlying,21700
216,51.0,1,55.0,8,50.0,10,56.0,9,49.0,3,57.0,3,Call,21700
217,943.0,7,945.0,2,942.0,10,946.0,10,941.0,5,947.0,3,Underlying,21800
217,53.0,10,55.0,5,52.0,1,56.0,9,51.0,9,57.0,8,Call,21800
217,108.0,1,110.0,10,107.0,10,111.0,7,106.0,6,112.0,6,Put,21800
218,948.0,4,950.0,8,947.0,3,951.0,5,946.0,4,952.0,7,Underlying,21900
218,54.0,9,58.0,8,53.0,5,59.0,1,52.0,3,60.0,5,Call,21900
218,107.0,5,111.0,2,106.0,8,112.0,4,105.0,3,113.0,2,Put,21900
219,946.0,2,948.0,6,945.0,4,949.0,1,944.0,3,950.0,1,Underlying,22000
219,105.0,2,109.0,3,104.0,2,110.0,1,103.0,1,111.0,10,Put,22000
219,56.0,3,58.0,3,55.0,7,59.0,10,54.0,6,60.0,3,Call,22000
220,109.0,7,113.0,2,108.0,8,114.0,8,107.0,1,115.0,7,Put,22100
220,946.0,8,950.0,9,945.0,7,951.0,10,944.0,8,952.0,10,Underlying,22100
220,58.0,9,62.0,5,57.0,8,63.0,8,56.0,9,64.0,3,Call,22100
221,110.0,3,112.0,7,109.0,10,113.0,8,108.0,3,114.0,2,Put,22200
221,943.0,3,947.0,5,942.0,8,948.0,7,941.0,3,949.0,4,Underlying,22200
221,55.0,5,57.0,6,54.0,7,58.0,6,53.0,9,59.0,9,Call,22200
222,112.0,4,116.0,4,111.0,5,117.0,4,110.0,8,118.0,8,Put,22300
222,938.0,8,942.0,8,937.0,10,943.0,10,936.0,2,944.0,5,Underlying,22300
222,50.0,7,52.0,9,49.0,5,53.0,6,48.0,7,54.0,5,Call,22300
223,937.0,1,939.0,2,936.0,5,940.0,8,935.0,3,941.0,3,Underlying,22400
223,51.0,1,55.0,10,50.0,1,56.0,6,49.0,4,57.0,8,Call,22400
223,114.0,5,118.0,8,113.0,2,119.0,4,112.0,3,120.0,5,Put,22400
224,50.0,7,54.0,8,49.0,9,55.0,3,48.0,2,56.0,9,Call,22500
224,111.0,2,115.0,3,110.0,8,116.0,6,109.0,9,117.0,6,Put,22500
224,936.0,9,940.0,7,935.0,4,941.0,8,934.0,10,942.0,7,Underlying,22500
225,54.0,3,58.0,6,53.0,1,59.0,1,52.0,1,60.0,2,Call,22600
225,110.0,6,114.0,2,109.0,6,115.0,5,108.0,4,116.0,9,Put,22600
225,941.0,7,945.0,3,940.0,1,946.0,3,939.0,9,947.0,4,Underlying,22600
226,50.0,8,54.0,8,49.0,6,55.0,8,48.0,10,56.0,5,Call,22700
226,111.0,3,115.0,2,110.0,5,116.0,3,109.0,4,117.0,3,Put,22700
226,940.0,5,944.0,10,939.0,9,945.0,5,938.0,3,946.0,1,Underlying,22700
227,55.0,6,59.0,1,54.0,4,60.0,7,53.0,2,61.0,6,Call,22800
227,942.0,5,946.0,9,941.0,6,947.0,6,940.0,9,948.0,6,Underlying,22800
227,106.0,4,110.0,2,105.0,2,111.0,3,104.0,10,112.0,7,Put,22800
228,946.0,3,948.0,7,945.0,3,949.0,4,944.0,3,950.0,9,Underlying,22900
228,55.0,9,57.0,8,54.0,6,58.0,6,53.0,8,59.0,10,Call,22900
228,108.0,7,110.0,8,107.0,6,111.0,7,106.0,1,112.0,10,Put,22900
229,948.0,7,952.0,4,947.0,9,953.0,10,946.0,6,954.0,1,Underlying,23000
229,56.0,8,58.0,10,55.0,7,59.0,6,54.0,1,60.0,5,Call,23000
229,103.0,3,107.0,1,102.0,4,108.0,6,101.0,3,109.0,6,Put,23000
230,951.0,8,955.0,1,950.0,9,956.0,10,949.0,6,957.0,5,Underlying,23100
230,55.0,4,57.0,5,54.0,3,58.0,6,53.0,9,59.0,7,Call,23100
230,105.0,1,107.0,5,104.0,7,108.0,3,103.0,5,109.0,1,Put,23100
231,61.0,3,65.0,7,60.0,6,66.0,8,59.0,10,67.0,10,Call,23200
231,101.0,7,103.0,7,100.0,10,104.0,6,99.0,2,105.0,4,Put,23200
231,956.0,9,958.0,10,955.0,7,959.0,4,954.0,9,960.0,8,Underlying,23200
232,99.0,8,103.0,7,98.0,10,104.0,6,97.0,1,105.0,6,Put,23300
232,957.0,2,959.0,1,956.0,9,960.0,2,955.0,3,961.0,2,Underlying,23300
232,62.0,7,64.0,3,61.0,4,65.0,9,60.0,10,66.0,9,Call,23300
233,103.0,5,105.0,1,102.0,1,106.0,8,101.0,2,107.0,3,Put,23400
233,958.0,7,960.0,9,957.0,4,961.0,1,956.0,5,962.0,8,Underlying,23400
233,59.0,9,61.0,1,58.0,7,62.0,5,57.0,1,63.0,10,Call,23400
234,103.0,10,107.0,4,102.0,7,108.0,6,101.0,4,109.0,3,Put,23500
234,953.0,10,955.0,2,952.0,3,956.0,5,951.0,7,957.0,2,Underlying,23500
234,57.0,2,61.0,6,56.0,2,62.0,5,55.0,4,63.0,3,Call,23500
235,954.0,8,958.0,4,953.0,9,959.0,6,952.0,7,960.0,10,Underlying,23600
235,60.0,8,62.0,10,59.0,5,63.0,8,58.0,3,64.0,5,Call,23600
235,102.0,8,104.0,3,101.0,10,105.0,10,100.0,9,106.0,7,Put,23600
236,59.0,10,61.0,8,58.0,4,62.0,8,57.0,6,63.0,10,Call,23700
236,104.0,6,106.0,3,103.0,5,107.0,10,102.0,4,108.0,7,Put,23700
236,952.0,4,954.0,3,951.0,2,955.0,9,950.0,7,956.0,10,Underlying,23700
237,59.0,5,63.0,8,58.0,9,64.0,5,57.0,5,65.0,9,Call,23800
237,106.0,4,108.0,4,105.0,5,109.0,10,104.0,10,110.0,6,Put,23800
237,953.0,5,955.0,7,952.0,3,956.0,7,951.0,6,957.0,9,Underlying,23800
238,56.0,8,60.0,2,55.0,6,61.0,10,54.0,4,62.0,1,Call,23900
238,102.0,1,104.0,5,101.0,6,105.0,7,100.0,8,106.0,3,Put,23900
238,950.0,9,952.0,2,949.0,7,953.0,3,948.0,3,954.0,2,Underlying,23900
239,102.0,4,106.0,1,101.0,3,107.0,5,100.0,3,108.0,8,Put,24000
239,953.0,5,955.0,9,952.0,5,956.0,2,951.0,9,957.0,2,Underlying,24000
239,57.0,3,59.0,7,56.0,3,60.0,2,55.0,3,61.0,6,Call,24000
240,951.0,3,953.0,10,950.0,9,954.0,8,949.0,5,955.0,8,Underlying,24100
240,54.0,6,58.0,5,53.0,1,59.0,9,52.0,6,60.0,6,Call,24100
240,107.0,5,109.0,3,106.0,1,110.0,6,105.0,1,111.0,2,Put,24100
241,954.0,8,956.0,5,953.0,2,957.0,7,952.0,8,958.0,2,Underlying,24200
241,58.0,9,60.0,6,57.0,5,61.0,8,56.0,4,62.0,2,Call,24200
241,101.0,5,103.0,2,100.0,3,104.0,6,99.0,6,105.0,9,Put,24200
242,951.0,8,953.0,1,950.0,6,954.0,10,949.0,5,955.0,6,Underlying,24300
242,53.0,3,57.0,5,52.0,10,58.0,6,51.0,10,59.0,1,Call,24300
242,102.0,10,104.0,2,101.0,7,105.0,3,100.0,7,106.0,7,Put,24300
243,951.0,8,953.0,8,950.0,5,954.0,2,949.0,5,955.0,4,Underlying,24400
243,104.0,9,108.0,8,103.0,10,109.0,4,102.0,5,110.0,9,Put,24400
243,56.0,8,60.0,1,55.0,10,61.0,1,54.0,2,62.0,10,Call,24400
244,106.0,7,108.0,8,105.0,1,109.0,3,104.0,9,110.0,10,Put,24500
244,950.0,3,952.0,6,949.0,6,953.0,9,948.0,9,954.0,2,Underlying,24500
244,55.0,7,59.0,4,54.0,10,60.0,2,53.0,4,61.0,2,Call,24500
245,105.0,2,109.0,4,104.0,2,110.0,8,103.0,8,111.0,3,Put,24600
245,950.0,4,952.0,7,949.0,9,953.0,10,948.0,9,954.0,10,Underlying,24600
245,56.0,2,58.0,7,55.0,9,59.0,3,54.0,2,60.0,1,Call,24600
246,107.0,1,109.0,4,106.0,3,110.0,8,105.0,3,111.0,6,Put,24700
246,948.0,2,952.0,10,947.0,10,953.0,2,946.0,3,954.0,6,Underlying,24700
246,52.0,10,56.0,9,51.0,1,57.0,2,50.0,6,58.0,6,Call,24700
247,951.0,3,953.0,8,950.0,8,954.0,3,949.0,8,955.0,3,Underlying,24800
247,53.0,9,57.0,3,52.0,5,58.0,2,51.0,2,59.0,5,Call,24800
247,100.0,8,104.0,7,99.0,9,105.0,3,98.0,10,106.0,5,Put,24800
248,57.0,2,61.0,1,56.0,5,62.0,2,55.0,8,63.0,10,Call,24900
248,107.0,3,109.0,4,106.0,1,110.0,10,105.0,3,111.0,4,Put,24900
248,948.0,2,952.0,7,947.0,8,953.0,8,946.0,6,954.0,4,Underlying,24900
249,54.0,3,58.0,6,53.0,1,59.0,2,52.0,1,60.0,9,Call,25000
249,109.0,6,111.0,5,108.0,10,112.0,1,107.0,6,113.0,5,Put,25000
249,944.0,6,948.0,3,943.0,6,949.0,9,942.0,3,950.0,4,Underlying,25000
250,108.0,6,110.0,1,107.0,1,111.0,4,106.0,9,112.0,8,Put,25100
250,944.0,9,946.0,8,943.0,1,947.0,2,942.0,8,948.0,1,Underlying,25100
250,54.0,3,58.0,8,53.0,3,59.0,9,52.0,9,60.0,1,Call,25100
251,939.0,9,943.0,9,938.0,6,944.0,3,937.0,2,945.0,3,Underlying,25200
251,51.0,3,53.0,1,50.0,9,54.0,10,49.0,3,55.0,9,Call,25200
251,112.0,3,116.0,4,111.0,7,117.0,5,110.0,2,118.0,2,Put,25200
252,943.0,8,947.0,9,942.0,4,948.0,4,941.0,4,949.0,8,Underlying,25300
252,51.0,6,55.0,1,50.0,8,56.0,2,49.0,10,57.0,7,Call,25300
252,108.0,1,110.0,8,107.0,3,111.0,5,106.0,5,112.0,9,Put,25300
253,940.0,1,942.0,1,939.0,7,943.0,7,938.0,7,944.0,2,Underlying,25400
253,54.0,3,58.0,3,53.0,8,59.0,5,52.0,9,60.0,10,Call,25400
253,114.0,6,116.0,9,113.0,6,117.0,8,112.0,4,118.0,5,Put,25400
254,51.0,4,53.0,1,50.0,3,54.0,7,49.0,8,55.0,4,Call,25500
254,113.0,7,115.0,8,112.0,8,116.0,5,111.0,3,117.0,3,Put,25500
254,938.0,9,940.0,10,937.0,2,941.0,10,936.0,3,942.0,7,Underlying,25500
255,112.0,6,116.0,6,111.0,5,117.0,7,110.0,1,118.0,10,Put,25600
255,937.0,4,939.0,1,936.0,7,940.0,4,935.0,6,941.0,7,Underlying,25600
255,52.0,8,56.0,2,51.0,2,57.0,4,50.0,1,58.0,8,Call,25600
256,115.0,9,119.0,9,114.0,3,120.0,5,113.0,8,121.0,10,Put,25700
256,932.0,10,936.0,2,931.0,7,937.0,4,930.0,8,938.0,4,Underlying,25700
256,50.0,8,54.0,4,49.0,2,55.0,9,48.0,2,56.0,2,Call,25700
257,117.0,5,121.0,4,116.0,3,122.0,9,115.0,3,123.0,4,Put,25800
257,933.0,3,937.0,1,932.0,8,938.0,1,931.0,8,939.0,4,Underlying,25800
257,53.0,3,55.0,3,52.0,1,56.0,7,51.0,10,57.0,2,Call,25800
258,118.0,9,120.0,9,117.0,9,121.0,2,116.0,3,122.0,8,Put,25900
258,53.0,9,57.0,3,52.0,8,58.0,6,51.0,2,59.0,5,Call,25900
258,935.0,4,937.0,1,934.0,1,938.0,6,933.0,10,939.0,10,Underlying,25900
259,53.0,6,55.0,5,52.0,6,56.0,10,51.0,5,57.0,8,Call,26000
259,115.0,8,119.0,1,114.0,6,120.0,10,113.0,6,121.0,3,Put,26000
259,933.0,6,937.0,3,932.0,5,938.0,9,931.0,2,939.0,1,Underlying,26000
260,49.0,8,51.0,6,48.0,2,52.0,5,47.0,5,53.0,3,Call,26100
260,119.0,10,121.0,10,118.0,8,122.0,5,117.0,7,123.0,3,Put,26100
260,932.0,1,936.0,3,931.0,3,937.0,8,930.0,5,938.0,6,Underlying,26100
261,51.0,7,53.0,3,50.0,4,54.0,6,49.0,7,55.0,4,Call,26200
261,116.0,3,118.0,10,115.0,9,119.0,9,114.0,3,120.0,9,Put,26200
261,937.0,7,939.0,3,936.0,7,940.0,1,935.0,7,941.0,7,Underlying,26200
262,117.0,4,119.0,4,116.0,8,120.0,3,115.0,10,121.0,8,Put,26300
262,935.0,4,939.0,4,934.0,1,940.0,1,933.0,10,941.0,2,Underlying,26300
262,51.0,1,53.0,4,50.0,2,54.0,7,49.0,7,55.0,4,Call,26300
263,939.0,6,941.0,5,938.0,3,942.0,10,937.0,8,943.0,3,Underlying,26400
263,53.0,6,57.0,9,52.0,5,58.0,1,51.0,1,59.0,3,Call,26400
263,114.0,10,116.0,4,113.0,3,117.0,9,112.0,3,118.0,6,Put,26400
264,943.0,3,945.0,6,942.0,6,946.0,5,941.0,6,947.0,6,Underlying,26500
264,56.0,5,58.0,10,55.0,7,59.0,4,54.0,4,60.0,9,Call,26500
264,111.0,6,115.0,3,110.0,3,116.0,10,109.0,6,117.0,3,Put,26500
265,939.0,7,941.0,9,938.0,10,942.0,5,937.0,1,943.0,8,Underlying,26600
265,53.0,3,55.0,9,52.0,1,56.0,2,51.0,7,57.0,5,Call,26600
265,113.0,10,117.0,8,112.0,3,118.0,1,111.0,8,119.0,8,Put,26600
266,50.0,6,54.0,3,49.0,8,55.0,2,48.0,7,56.0,3,Call,26700
266,114.0,2,116.0,5,113.0,8,117.0,5,112.0,3,118.0,3,Put,26700
266,935.0,5,937.0,5,934.0,5,938.0,6,933.0,9,939.0,3,Underlying,26700
267,118.0,8,122.0,7,117.0,7,123.0,5,116.0,2,124.0,6,Put,26800
267,932.0,5,934.0,9,931.0,10,935.0,4,930.0,7,936.0,9,Underlying,26800
267,49.0,2,53.0,8,48.0,8,54.0,9,47.0,5,55.0,10,Call,26800
268,117.0,3,119.0,1,116.0,8,120.0,10,115.0,4,121.0,9,Put,26900
268,931.0,4,935.0,7,930.0,2,936.0,1,929.0,5,937.0,4,Underlying,26900
268,49.0,10,53.0,4,48.0,3,54.0,5,47.0,9,55.0,3,Call,26900
269,111.0,10,115.0,5,110.0,4,116.0,8,109.0,8,117.0,10,Put,27000
269,935.0,1,939.0,1,934.0,6,940.0,10,933.0,3,941.0,9,Underlying,27000
269,51.0,2,55.0,3,50.0,7,56.0,5,49.0,2,57.0,10,Call,27000
270,931.0,1,935.0,3,930.0,10,936.0,8,929.0,8,937.0,5,Underlying,27100
270,48.0,3,52.0,1,47.0,3,53.0,10,46.0,7,54.0,10,Call,27100
270,113.0,10,115.0,8,112.0,10,116.0,8,111.0,3,117.0,7,Put,27100
271,48.0,3,50.0,3,47.0,2,51.0,4,46.0,2,52.0,8,Call,27200
271,110.0,4,114.0,8,109.0,6,115.0,1,108.0,6,116.0,8,Put,27200
271,936.0,1,938.0,6,935.0,5,939.0,4,934.0,9,940.0,8,Underlying,27200
272,51.0,3,53.0,6,50.0,3,54.0,6,49.0,1,55.0,5,Call,27300
272,111.0,2,115.0,5,110.0,9,116.0,6,109.0,3,117.0,4,Put,27300
272,935.0,3,937.0,4,934.0,7,938.0,9,933.0,9,939.0,10,Underlying,27300
273,49.0,2,51.0,9,48.0,2,52.0,2,47.0,8,53.0,5,Call,27400
273,114.0,2,118.0,7,113.0,1,119.0,9,112.0,9,120.0,8,Put,27400
273,931.0,7,935.0,3,930.0,4,936.0,5,929.0,10,937.0,5,Underlying,27400
274,49.0,6,51.0,10,48.0,2,52.0,5,47.0,5,53.0,6,Call,27500
274,931.0,5,933.0,6,930.0,1,934.0,10,929.0,8,935.0,7,Underlying,27500
274,118.0,6,120.0,8,117.0,2,121.0,6,116.0,7,122.0,1,Put,27500
275,934.0,10,936.0,1,933.0,7,937.0,10,932.0,8,938.0,8,Underlying,27600
275,50.0,10,54.0,3,49.0,8,55.0,1,48.0,8,56.0,1,Call,27600
275,116.0,9,118.0,5,115.0,10,119.0,10,114.0,9,120.0,7,Put,27600
276,929.0,2,933.0,1,928.0,4,934.0,2,927.0,3,935.0,6,Underlying,27700
276,50.0,10,52.0,2,49.0,5,53.0,7,48.0,9,54.0,9,Call,27700
276,114.0,1,116.0,4,113.0,3,117.0,1,112.0,4,118.0,7,Put,27700
277,925.0,9,927.0,10,924.0,8,928.0,5,923.0,5,929.0,6,Underlying,27800
277,44.0,2,48.0,3,43.0,10,49.0,3,42.0,6,50.0,7,Call,27800
277,118.0,9,120.0,10,117.0,10,121.0,9,116.0,5,122.0,2,Put,27800
278,40.0,2,44.0,7,39.0,2,45.0,3,38.0,3,46.0,5,Call,27900
278,118.0,6,120.0,6,117.0,9,121.0,10,116.0,5,122.0,1,Put,27900
278,921.0,9,925.0,4,920.0,10,926.0,5,919.0,4,927.0,8,Underlying,27900
279,120.0,10,122.0,10,119.0,2,123.0,5,118.0,5,124.0,4,Put,28000
279,924.0,7,928.0,6,923.0,8,929.0,7,922.0,6,930.0,6,Underlying,28000
279,47.0,8,49.0,9,46.0,10,50.0,1,45.0,6,51.0,7,Call,28000
280,120.0,10,124.0,2,119.0,8,125.0,9,118.0,8,126.0,2,Put,28100
280,924.0,5,926.0,10,923.0,9,927.0,10,922.0,6,928.0,2,Underlying,28100
280,45.0,10,49.0,1,44.0,6,50.0,2,43.0,10,51.0,8,Call,28100
281,118.0,4,122.0,4,117.0,1,123.0,7,116.0,7,124.0,3,Put,28200
281,925.0,5,929.0,10,924.0,8,930.0,10,923.0,3,931.0,10,Underlying,28200
281,43.0,7,47.0,9,42.0,4,48.0,7,41.0,9,49.0,8,Call,28200
282,120.0,9,122.0,10,119.0,3,123.0,10,118.0,10,124.0,10,Put,28300
282,42.0,3,46.0,6,41.0,9,47.0,8,40.0,9,48.0,6,Call,28300
282,926.0,10,928.0,8,925.0,1,929.0,7,924.0,9,930.0,1,Underlying,28300
283,46.0,8,48.0,2,45.0,8,49.0,6,44.0,5,50.0,4,Call,28400
283,115.0,2,117.0,1,114.0,3,118.0,9,113.0,2,119.0,1,Put,28400
283,928.0,4,932.0,7,927.0,9,933.0,10,926.0,4,934.0,8,Underlying,28400
284,46.0,8,48.0,8,45.0,5,49.0,3,44.0,8,50.0,8,Call,28500
284,117.0,7,119.0,4,116.0,2,120.0,2,115.0,2,121.0,4,Put,28500
284,924.0,9,926.0,9,923.0,9,927.0,4,922.0,3,928.0,6,Underlying,28500
285,45.0,1,47.0,2,44.0,3,48.0,1,43.0,5,49.0,8,Call,28600
285,117.0,8,121.0,4,116.0,1,122.0,3,115.0,5,123.0,10,Put,28600
285,925.0,8,929.0,2,924.0,3,930.0,8,923.0,7,931.0,10,Underlying,28600
286,115.0,6,117.0,6,114.0,4,118.0,10,113.0,9,119.0,1,Put,28700
286,926.0,5,928.0,1,925.0,9,929.0,5,924.0,8,930.0,5,Underlying,28700
286,42.0,7,46.0,1,41.0,6,47.0,4,40.0,2,48.0,8,Call,28700
287,923.0,6,927.0,4,922.0,4,928.0,10,921.0,4,929.0,6,Underlying,28800
287,42.0,9,46.0,6,41.0,7,47.0,1,40.0,3,48.0,8,Call,28800
287,119.0,1,123.0,4,118.0,10,124.0,4,117.0,4,125.0,2,Put,28800
288,923.0,10,927.0,4,922.0,8,928.0,10,921.0,3,929.0,9,Underlying,28900
288,41.0,3,45.0,2,40.0,6,46.0,7,39.0,1,47.0,3,Call,28900
288,117.0,2,119.0,5,116.0,8,120.0,10,115.0,8,121.0,9,Put,28900
289,928.0,9,930.0,6,927.0,1,931.0,3,926.0,1,932.0,5,Underlying,29000
289,47.0,8,49.0,5,46.0,6,50.0,4,45.0,9,51.0,7,Call,29000
289,114.0,8,116.0,5,113.0,4,117.0,3,112.0,8,118.0,2,Put,29000
290,925.0,4,927.0,2,924.0,3,928.0,3,923.0,5,929.0,8,Underlying,29100
290,116.0,1,118.0,10,115.0,3,119.0,9,114.0,3,120.0,3,Put,29100
290,44.0,6,48.0,6,43.0,6,49.0,4,42.0,2,50.0,6,Call,29100
291,117.0,5,121.0,2,116.0,5,122.0,2,115.0,7,123.0,6,Put,29200
291,927.0,7,931.0,4,926.0,5,932.0,7,925.0,2,933.0,7,Underlying,29200
291,48.0,1,50.0,3,47.0,1,51.0,5,46.0,8,52.0,7,Call,29200
292,121.0,3,123.0,8,120.0,1,124.0,1,119.0,1,125.0,3,Put,29300
292,925.0,2,927.0,6,924.0,8,928.0,4,923.0,2,929.0,6,Underlying,29300
292,48.0,5,50.0,6,47.0,10,51.0,4,46.0,2,52.0,3,Call,29300
293,116.0,5,120.0,4,115.0,5,121.0,10,114.0,8,122.0,1,Put,29400
293,927.0,5,931.0,4,926.0,5,932.0,9,925.0,5,933.0,2,Underlying,29400
293,44.0,5,48.0,6,43.0,7,49.0,7,42.0,8,50.0,3,Call,29400
294,923.0,10,925.0,6,922.0,5,926.0,1,921.0,7,927.0,3,Underlying,29500
294,45.0,2,47.0,4,44.0,1,48.0,5,43.0,3,49.0,2,Call,29500
294,117.0,8,121.0,5,116.0,5,122.0,10,115.0,4,123.0,10,Put,29500
295,45.0,5,49.0,8,44.0,7,50.0,2,43.0,4,51.0,2,Call,29600
295,118.0,1,122.0,6,117.0,2,123.0,6,116.0,1,124.0,3,Put,29600
295,928.0,2,930.0,10,927.0,8,931.0,8,926.0,5,932.0,10,Underlying,29600
296,47.0,7,51.0,7,46.0,9,52.0,3,45.0,2,53.0,1,Call,29700
296,114.0,3,118.0,3,113.0,3,119.0,8,112.0,5,120.0,9,Put,29700
296,929.0,10,931.0,8,928.0,7,932.0,8,927.0,3,933.0,1,Underlying,29700
297,49.0,5,51.0,6,48.0,2,52.0,1,47.0,6,53.0,10,Call,29800
297,116.0,7,118.0,7,115.0,8,119.0,8,114.0,7,120.0,6,Put,29800
297,933.0,10,935.0,9,932.0,4,936.0,4,931.0,6,937.0,1,Underlying,29800
298,116.0,5,120.0,7,115.0,8,121.0,5,114.0,3,122.0,8,Put,29900
298,929.0,10,933.0,5,928.0,6,934.0,4,927.0,8,935.0,1,Underlying,29900
298,50.0,8,52.0,6,49.0,5,53.0,1,48.0,1,54.0,8,Call,29900
299,934.0,4,936.0,4,933.0,5,937.0,5,932.0,5,938.0,6,Underlying,30000
299,50.0,2,54.0,1,49.0,6,55.0,4,48.0,3,56.0,5,Call,30000
299,113.0,1,117.0,2,112.0,8,118.0,8,111.0,9,119.0,2,Put,30000
300,935.0,7,937.0,10,934.0,6,938.0,3,933.0,9,939.0,6,Underlying,30100
300,50.0,2,52.0,4,49.0,8,53.0,9,48.0,7,54.0,4,Call,30100
300,113.0,1,117.0,5,112.0,3,118.0,10,111.0,4,119.0,7,Put,30100
301,934.0,6,938.0,3,933.0,6,939.0,5,932.0,5,940.0,8,Underlying,30200
301,50.0,6,54.0,2,49.0,7,55.0,9,48.0,4,56.0,5,Call,30200
301,115.0,5,119.0,2,114.0,2,120.0,1,113.0,10,121.0,3,Put,30200
302,47.0,1,51.0,1,46.0,7,52.0,2,45.0,5,53.0,5,Call,30300
302,114.0,6,116.0,3,113.0,9,117.0,2,112.0,2,118.0,4,Put,30300
302,933.0,1,937.0,4,932.0,4,938.0,4,931.0,8,939.0,6,Underlying,30300
303,115.0,7,119.0,9,114.0,8,120.0,7,113.0,10,121.0,8,Put,30400
303,929.0,4,933.0,8,928.0,4,934.0,3,927.0,8,935.0,3,Underlying,30400
303,51.0,3,53.0,10,50.0,3,54.0,3,49.0,5,55.0,3,Call,30400
304,117.0,3,121.0,5,116.0,8,122.0,4,115.0,7,123.0,6,Put,30500
304,933.0,10,935.0,1,932.0,7,936.0,1,931.0,10,937.0,3,Underlying,30500
304,50.0,2,54.0,1,49.0,10,55.0,2,48.0,6,56.0,4,Call,30500
305,117.0,5,121.0,9,116.0,7,122.0,5,115.0,2,123.0,6,Put,30600
305,929.0,5,931.0,5,928.0,5,932.0,5,927.0,3,933.0,4,Underlying,30600
305,47.0,3,49.0,8,46.0,10,50.0,6,45.0,2,51.0,3,Call,30600
306,115.0,5,119.0,5,114.0,8,120.0,1,113.0,10,121.0,3,Put,30700
306,50.0,1,54.0,6,49.0,4,55.0,7,48.0,6,56.0,9,Call,30700
306,932.0,8,936.0,8,931.0,9,937.0,6,930.0,6,938.0,2,Underlying,30700
307,51.0,8,53.0,2,50.0,4,54.0,7,49.0,5,55.0,2,Call,30800
307,115.0,5,119.0,8,114.0,4,120.0,7,113.0,6,121.0,3,Put,30800
307,937.0,9,939.0,6,936.0,1,940.0,5,935.0,10,941.0,7,Underlying,30800
308,54.0,3,56.0,2,53.0,10,57.0,8,52.0,1,58.0,6,Call,30900
308,111.0,7,115.0,3,110.0,8,116.0,1,109.0,9,117.0,10,Put,30900
308,941.0,2,945.0,9,940.0,9,946.0,9,939.0,7,947.0,3,Underlying,30900
309,56.0,2,58.0,5,55.0,1,59.0,7,54.0,10,60.0,7,Call,31000
309,110.0,3,112.0,8,109.0,5,113.0,10,108.0,7,114.0,1,Put,31000
309,944.0,9,948.0,7,943.0,9,949.0,3,942.0,8,950.0,3,Underlying,31000
310,108.0,1,112.0,7,107.0,4,113.0,5,106.0,10,114.0,8,Put,31100
310,942.0,8,944.0,1,941.0,5,945.0,6,940.0,3,946.0,9,Underlying,31100
310,50.0,5,54.0,2,49.0,6,55.0,7,48.0,4,56.0,1,Call,31100
311,939.0,6,943.0,10,938.0,10,944.0,1,937.0,7,945.0,1,Underlying,31200
311,55.0,1,57.0,6,54.0,8,58.0,5,53.0,8,59.0,3,Call,31200
311,113.0,10,115.0,2,112.0,10,116.0,3,111.0,4,117.0,4,Put,31200
312,939.0,7,943.0,4,938.0,6,944.0,10,937.0,7,945.0,10,Underlying,31300
312,51.0,7,55.0,3,50.0,7,56.0,1,49.0,9,57.0,7,Call,31300
312,109.0,9,111.0,7,108.0,2,112.0,6,107.0,2,113.0,8,Put,31300
313,52.0,9,54.0,7,51.0,2,55.0,4,50.0,5,56.0,9,Call,31400
313,109.0,10,113.0,5,108.0,7,114.0,8,107.0,3,115.0,9,Put,31400
313,937.0,1,941.0,4,936.0,8,942.0,5,935.0,7,943.0,10,Underlying,31400
314,112.0,5,116.0,3,111.0,5,117.0,10,110.0,9,118.0,6,Put,31500
314,935.0,3,937.0,1,934.0,9,938.0,8,933.0,2,939.0,2,Underlying,31500
314,46.0,6,48.0,6,45.0,10,49.0,3,44.0,10,50.0,9,Call,31500
315,107.0,2,111.0,8,106.0,8,112.0,5,105.0,1,113.0,8,Put,31600
315,938.0,3,940.0,9,937.0,9,941.0,4,936.0,8,942.0,7,Underlying,31600
315,46.0,6,50.0,10,45.0,4,51.0,1,44.0,1,52.0,4,Call,31600
316,109.0,3,113.0,1,108.0,6,114.0,4,107.0,5,115.0,5,Put,31700
316,936.0,3,940.0,1,935.0,2,941.0,1,934.0,10,942.0,8,Underlying,31700
316,48.0,10,52.0,4,47.0,9,53.0,6,46.0,4,54.0,7,Call,31700
317,939.0,3,941.0,7,938.0,8,942.0,3,937.0,1,943.0,7,Underlying,31800
317,46.0,3,50.0,6,45.0,10,51.0,1,44.0,9,52.0,2,Call,31800
317,105.0,6,109.0,8,104.0,2,110.0,8,103.0,2,111.0,4,Put,31800
318,48.0,5,52.0,2,47.0,2,53.0,6,46.0,6,54.0,3,Call,31900
318,110.0,5,114.0,2,109.0,2,115.0,8,108.0,3,116.0,1,Put,31900
318,935.0,4,937.0,4,934.0,8,938.0,5,933.0,8,939.0,8,Underlying,31900
319,49.0,6,53.0,4,48.0,1,54.0,4,47.0,1,55.0,10,Call,32000
319,110.0,6,114.0,6,109.0,6,115.0,7,108.0,2,116.0,2,Put,32000
319,936.0,1,940.0,6,935.0,3,941.0,4,934.0,9,942.0,6,Underlying,32000
320,49.0,6,53.0,6,48.0,9,54.0,5,47.0,7,55.0,6,Call,32100
320,110.0,3,114.0,4,109.0,7,115.0,3,108.0,7,116.0,1,Put,32100
320,936.0,8,940.0,8,935.0,3,941.0,7,934.0,4,942.0,5,Underlying,32100
321,52.0,2,56.0,3,51.0,3,57.0,10,50.0,8,58.0,9,Call,32200
321,941.0,10,945.0,9,940.0,8,946.0,10,939.0,5,947.0,4,Underlying,32200
321,110.0,6,114.0,6,109.0,1,115.0,4,108.0,3,116.0,6,Put,32200
322,942.0,2,944.0,9,941.0,8,945.0,1,940.0,9,946.0,4,Underlying,32300
322,52.0,8,56.0,6,51.0,4,57.0,8,50.0,7,58.0,9,Call,32300
322,111.0,8,113.0,8,110.0,1,114.0,7,109.0,9,115.0,3,Put,32300
323,947.0,5,949.0,2,946.0,5,950.0,1,945.0,4,951.0,9,Underlying,32400
323,55.0,8,57.0,6,54.0,7,58.0,3,53.0,4,59.0,8,Call,32400
323,103.0,6,107.0,8,102.0,5,108.0,1,101.0,1,109.0,5,Put,32400
324,942.0,2,946.0,4,941.0,1,947.0,8,940.0,5,948.0,10,Underlying,32500
324,54.0,3,58.0,3,53.0,3,59.0,2,52.0,8,60.0,4,Call,32500
324,111.0,2,113.0,8,110.0,6,114.0,3,109.0,6,115.0,6,Put,32500
325,52.0,2,54.0,7,51.0,7,55.0,5,50.0,5,56.0,2,Call,32600
325,110.0,10,114.0,8,109.0,7,115.0,2,108.0,2,116.0,10,Put,32600
325,943.0,5,945.0,7,942.0,7,946.0,1,941.0,10,947.0,8,Underlying,32600
326,107.0,2,111.0,7,106.0,10,112.0,8,105.0,7,113.0,3,Put,32700
326,947.0,10,949.0,9,946.0,9,950.0,9,945.0,5,951.0,7,Underlying,32700
326,55.0,1,59.0,4,54.0,3,60.0,3,53.0,8,61.0,10,Call,32700
327,106.0,2,110.0,4,105.0,2,111.0,10,104.0,9,112.0,8,Put,32800
327,944.0,5,946.0,1,943.0,3,947.0,9,942.0,1,948.0,9,Underlying,32800
327,53.0,6,55.0,1,52.0,4,56.0,1,51.0,10,57.0,9,Call,32800
328,105.0,2,107.0,9,104.0,8,108.0,3,103.0,1,109.0,8,Put,32900
328,947.0,9,951.0,5,946.0,9,952.0,7,945.0,9,953.0,1,Underlying,32900
328,54.0,2,56.0,7,53.0,5,57.0,10,52.0,7,58.0,10,Call,32900
329,946.0,4,950.0,6,945.0,9,951.0,9,944.0,7,952.0,8,Underlying,33000
329,50.0,3,54.0,10,49.0,2,55.0,10,48.0,7,56.0,3,Call,33000
329,101.0,1,105.0,4,100.0,2,106.0,10,99.0,10,107.0,1,Put,33000
330,50.0,8,54.0,7,49.0,1,55.0,10,48.0,9,56.0,2,Call,33100
330,104.0,1,108.0,7,103.0,6,109.0,2,102.0,10,110.0,6,Put,33100
330,943.0,1,945.0,8,942.0,6,946.0,5,941.0,3,947.0,6,Underlying,33100
331,48.0,7,52.0,3,47.0,3,53.0,4,46.0,7,54.0,2,Call,33200
331,108.0,5,112.0,2,107.0,3,113.0,7,106.0,5,114.0,6,Put,33200
331,940.0,5,942.0,6,939.0,9,943.0,3,938.0,4,944.0,6,Underlying,33200
332,48.0,7,50.0,10,47.0,5,51.0,7,46.0,7,52.0,3,Call,33300
332,111.0,1,113.0,9,110.0,9,114.0,8,109.0,10,115.0,4,Put,33300
332,935.0,10,939.0,6,934.0,4,940.0,9,933.0,1,941.0,7,Underlying,33300
333,111.0,3,113.0,8,110.0,6,114.0,4,109.0,5,115.0,8,Put,33400
333,934.0,8,938.0,3,933.0,6,939.0,2,932.0,2,940.0,10,Underlying,33400
333,47.0,3,49.0,4,46.0,10,50.0,2,45.0,3,51.0,10,Call,33400
334,929.0,6,933.0,4,928.0,8,934.0,9,927.0,8,935.0,3,Underlying,33500
334,48.0,7,50.0,3,47.0,1,51.0,9,46.0,9,52.0,3,Call,33500
334,114.0,8,118.0,5,113.0,4,119.0,10,112.0,4,120.0,7,Put,33500
335,924.0,1,928.0,10,923.0,6,929.0,5,922.0,8,930.0,5,Underlying,33600
335,45.0,9,47.0,10,44.0,9,48.0,10,43.0,4,49.0,10,Call,33600
335,117.0,3,121.0,9,116.0,5,122.0,9,115.0,7,123.0,1,Put,33600
336,929.0,1,931.0,4,928.0,2,932.0,1,927.0,10,933.0,5,Underlying,33700
336,49.0,6,51.0,8,48.0,1,52.0,9,47.0,6,53.0,5,Call,33700
336,119.0,3,121.0,1,118.0,4,122.0,8,117.0,8,123.0,3,Put,33700
337,932.0,10,936.0,10,931.0,8,937.0,9,930.0,6,938.0,9,Underlying,33800
337,113.0,3,117.0,3,112.0,7,118.0,3,111.0,3,119.0,8,Put,33800
337,51.0,2,55.0,2,50.0,10,56.0,2,49.0,9,57.0,4,Call,33800
338,118.0,1,120.0,5,117.0,6,121.0,1,116.0,5,122.0,1,Put,33900
338,927.0,9,931.0,1,926.0,3,932.0,10,925.0,10,933.0,7,Underlying,33900
338,46.0,2,50.0,4,45.0,8,51.0,8,44.0,8,52.0,2,Call,33900
339,116.0,2,120.0,8,115.0,2,121.0,5,114.0,1,122.0,5,Put,34000
339,930.0,8,934.0,1,929.0,10,935.0,6,928.0,6,936.0,8,Underlying,34000
339,51.0,10,53.0,9,50.0,6,54.0,1,49.0,4,55.0,2,Call,34000
340,118.0,8,120.0,8,117.0,10,121.0,4,116.0,10,122.0,10,Put,34100
340,930.0,10,932.0,8,929.0,3,933.0,5,928.0,1,934.0,1,Underlying,34100
340,50.0,1,52.0,4,49.0,2,53.0,6,48.0,1,54.0,4,Call,34100
341,931.0,6,933.0,10,930.0,5,934.0,4,929.0,1,935.0,1,Underlying,34200
341,48.0,5,52.0,10,47.0,5,53.0,10,46.0,9,54.0,9,Call,34200
341,118.0,8,120.0,5,117.0,9,121.0,9,116.0,5,122.0,2,Put,34200
342,49.0,2,51.0,7,48.0,8,52.0,3,47.0,5,53.0,9,Call,34300
342,113.0,9,115.0,2,112.0,6,116.0,5,111.0,8,117.0,8,Put,34300
342,935.0,6,937.0,3,934.0,8,938.0,8,933.0,3,939.0,9,Underlying,34300
343,50.0,9,54.0,9,49.0,5,55.0,6,48.0,10,56.0,2,Call,34400
343,111.0,3,115.0,7,110.0,2,116.0,1,109.0,9,117.0,3,Put,34400
343,934.0,7,938.0,5,933.0,9,939.0,2,932.0,10,940.0,1,Underlying,34400
344,51.0,5,55.0,5,50.0,2,56.0,2,49.0,4,57.0,3,Call,34500
344,111.0,10,113.0,8,110.0,8,114.0,3,109.0,8,115.0,4,Put,34500
344,938.0,6,942.0,6,937.0,1,943.0,9,936.0,2,944.0,9,Underlying,34500
345,52.0,9,56.0,8,51.0,6,57.0,10,50.0,10,58.0,1,Call,34600
345,935.0,10,939.0,7,934.0,4,940.0,5,933.0,8,941.0,2,Underlying,34600
345,112.0,2,114.0,5,111.0,2,115.0,8,110.0,2,116.0,2,Put,34600
346,934.0,1,938.0,5,933.0,1,939.0,9,932.0,8,940.0,10,Underlying,34700
346,48.0,10,50.0,7,47.0,10,51.0,3,46.0,10,52.0,7,Call,34700
346,113.0,10,117.0,5,112.0,8,118.0,1,111.0,2,119.0,4,Put,34700
347,936.0,5,940.0,1,935.0,4,941.0,6,934.0,5,942.0,2,Underlying,34800
347,48.0,9,50.0,7,47.0,9,51.0,8,46.0,8,52.0,1,Call,34800
347,113.0,2,115.0,3,112.0,10,116.0,1,111.0,10,117.0,4,Put,34800
348,937.0,9,939.0,7,936.0,8,940.0,10,935.0,3,941.0,3,Underlying,34900
348,49.0,1,53.0,2,48.0,5,54.0,7,47.0,4,55.0,3,Call,34900
348,110.0,9,114.0,10,109.0,4,115.0,1,108.0,9,116.0,2,Put,34900
349,50.0,3,54.0,3,49.0,9,55.0,1,48.0,6,56.0,8,Call,35000
349,117.0,5,119.0,7,116.0,9,120.0,1,115.0,4,121.0,1,Put,35000
349,931.0,3,935.0,4,930.0,1,936.0,10,929.0,3,937.0,9,Underlying,35000
350,118.0,2,120.0,1,117.0,2,121.0,5,116.0,3,122.0,3,Put,35100
350,932.0,4,934.0,1,931.0,6,935.0,10,930.0,5,936.0,9,Underlying,35100
350,49.0,9,53.0,8,48.0,10,54.0,2,47.0,5,55.0,1,Call,35100
351,115.0,7,117.0,4,114.0,3,118.0,1,113.0,3,119.0,6,Put,35200
351,929.0,2,931.0,4,928.0,4,932.0,5,927.0,3,933.0,2,Underlying,35200
351,46.0,6,48.0,6,45.0,2,49.0,1,44.0,9,50.0,7,Call,35200
352,115.0,5,119.0,1,114.0,10,120.0,10,113.0,9,121.0,2,Put,35300
352,924.0,8,928.0,10,923.0,3,929.0,4,922.0,1,930.0,4,Underlying,35300
352,45.0,5,47.0,7,44.0,3,48.0,2,43.0,6,49.0,8,Call,35300
353,118.0,6,120.0,6,117.0,10,121.0,3,116.0,2,122.0,1,Put,35400
353,45.0,5,47.0,9,44.0,7,48.0,7,43.0,6,49.0,7,Call,35400
353,927.0,2,929.0,1,926.0,1,930.0,10,925.0,6,931.0,6,Underlying,35400
354,46.0,5,48.0,1,45.0,7,49.0,3,44.0,10,50.0,6,Call,35500
354,115.0,5,119.0,2,114.0,6,120.0,3,113.0,3,121.0,7,Put,35500
354,927.0,9,929.0,2,926.0,1,930.0,4,925.0,10,931.0,4,Underlying,35500
355,43.0,4,47.0,3,42.0,3,48.0,7,41.0,6,49.0,1,Call,35600
355,116.0,10,120.0,7,115.0,4,121.0,10,114.0,1,122.0,4,Put,35600
355,926.0,3,930.0,7,925.0,2,931.0,4,924.0,4,932.0,7,Underlying,35600
356,44.0,3,46.0,2,43.0,10,47.0,8,42.0,4,48.0,4,Call,35700
356,116.0,1,120.0,7,115.0,10,121.0,4,114.0,3,122.0,8,Put,35700
356,923.0,9,925.0,5,922.0,6,926.0,6,921.0,3,927.0,6,Underlying,35700
357,117.0,10,119.0,1,116.0,9,120.0,1,115.0,1,121.0,1,Put,35800
357,925.0,5,927.0,4,924.0,10,928.0,3,923.0,9,929.0,5,Underlying,35800
357,41.0,5,45.0,6,40.0,4,46.0,5,39.0,3,47.0,4,Call,35800
358,928.0,4,930.0,3,927.0,9,931.0,4,926.0,6,932.0,2,Underlying,35900
358,44.0,5,48.0,4,43.0,8,49.0,4,42.0,3,50.0,7,Call,35900
358,113.0,4,117.0,9,112.0,8,118.0,8,111.0,4,119.0,2,Put,35900
359,933.0,7,935.0,8,932.0,10,936.0,10,931.0,7,937.0,2,Underlying,36000
359,42.0,9,46.0,8,41.0,3,47.0,1,40.0,9,48.0,10,Call,36000
359,112.0,8,114.0,3,111.0,6,115.0,2,110.0,9,116.0,1,Put,36000
360,930.0,2,934.0,2,929.0,3,935.0,6,928.0,4,936.0,7,Underlying,36100
360,45.0,1,49.0,9,44.0,6,50.0,5,43.0,4,51.0,2,Call,36100
360,111.0,6,115.0,10,110.0,3,116.0,4,109.0,1,117.0,5,Put,36100
361,43.0,6,47.0,4,42.0,1,48.0,9,41.0,4,49.0,9,Call,36200
361,109.0,10,113.0,3,108.0,7,114.0,9,107.0,4,115.0,4,Put,36200
361,932.0,8,934.0,1,931.0,7,935.0,5,930.0,10,936.0,3,Underlying,36200
362,109.0,6,113.0,1,108.0,1,114.0,10,107.0,8,115.0,5,Put,36300
362,930.0,1,932.0,1,929.0,4,933.0,10,928.0,5,934.0,2,Underlying,36300
362,44.0,4,48.0,7,43.0,2,49.0,8,42.0,1,50.0,7,Call,36300
363,112.0,7,116.0,10,111.0,4,117.0,7,110.0,4,118.0,7,Put,36400
363,930.0,6,932.0,1,929.0,4,933.0,3,928.0,6,934.0,2,Underlying,36400
363,43.0,10,45.0,2,42.0,6,46.0,6,41.0,10,47.0,2,Call,36400
364,110.0,2,112.0,4,109.0,8,113.0,1,108.0,10,114.0,4,Put,36500
364,932.0,2,936.0,10,931.0,8,937.0,10,930.0,8,938.0,1,Underlying,36500
364,43.0,3,47.0,9,42.0,7,48.0,3,41.0,1,49.0,5,Call,36500
365,935.0,1,939.0,7,934.0,2,940.0,6,933.0,9,941.0,4,Underlying,36600
365,49.0,2,53.0,5,48.0,8,54.0,3,47.0,8,55.0,7,Call,36600
365,107.0,10,111.0,7,106.0,1,112.0,3,105.0,2,113.0,7,Put,36600
366,47.0,1,49.0,2,46.0,9,50.0,2,45.0,2,51.0,10,Call,36700
366,106.0,6,110.0,7,105.0,10,111.0,4,104.0,8,112.0,9,Put,36700
366,939.0,4,941.0,4,938.0,8,942.0,6,937.0,1,943.0,8,Underlying,36700
367,52.0,10,56.0,3,51.0,4,57.0,5,50.0,1,58.0,1,Call,36800
367,108.0,5,110.0,7,107.0,10,111.0,6,106.0,6,112.0,2,Put,36800
367,942.0,2,944.0,5,941.0,1,945.0,1,940.0,2,946.0,8,Underlying,36800
368,50.0,7,52.0,10,49.0,10,53.0,6,48.0,10,54.0,1,Call,36900
368,109.0,10,113.0,5,108.0,7,114.0,1,107.0,2,115.0,4,Put,36900
368,939.0,2,941.0,6,938.0,6,942.0,1,937.0,5,943.0,8,Underlying,36900
369,51.0,5,53.0,9,50.0,7,54.0,9,49.0,5,55.0,1,Call,37000
369,937.0,2,939.0,2,936.0,8,940.0,4,935.0,4,941.0,9,Underlying,37000
369,113.0,9,115.0,10,112.0,6,116.0,10,111.0,8,117.0,9,Put,37000
370,936.0,10,940.0,9,935.0,7,941.0,2,934.0,3,942.0,3,Underlying,37100
370,51.0,1,53.0,3,50.0,4,54.0,3,49.0,7,55.0,10,Call,37100
370,112.0,10,116.0,6,111.0,4,117.0,8,110.0,9,118.0,9,Put,37100
371,939.0,8,941.0,1,938.0,1,942.0,6,937.0,10,943.0,5,Underlying,37200
371,53.0,5,57.0,1,52.0,7,58.0,5,51.0,9,59.0,2,Call,37200
371,113.0,2,115.0,5,112.0,3,116.0,6,111.0,6,117.0,10,Put,37200
372,113.0,4,117.0,5,112.0,6,118.0,9,111.0,10,119.0,9,Put,37300
372,51.0,10,53.0,2,50.0,5,54.0,10,49.0,1,55.0,4,Call,37300
372,938.0,7,940.0,10,937.0,8,941.0,5,936.0,3,942.0,6,Underlying,37300
373,55.0,5,57.0,7,54.0,9,58.0,3,53.0,8,59.0,7,Call,37400
373,936.0,10,940.0,7,935.0,10,941.0,4,934.0,6,942.0,9,Underlying,37400
373,112.0,6,116.0,8,111.0,7,117.0,2,110.0,8,118.0,9,Put,37400
374,939.0,5,943.0,8,938.0,4,944.0,5,937.0,7,945.0,1,Underlying,37500
374,52.0,10,54.0,3,51.0,8,55.0,3,50.0,7,56.0,3,Call,37500
374,109.0,1,113.0,3,108.0,7,114.0,1,107.0,1,115.0,2,Put,37500
375,112.0,1,116.0,9,111.0,8,117.0,1,110.0,7,118.0,7,Put,37600
375,937.0,6,941.0,3,936.0,9,942.0,4,935.0,3,943.0,10,Underlying,37600
375,51.0,10,55.0,7,50.0,5,56.0,3,49.0,8,57.0,6,Call,37600
376,108.0,3,112.0,7,107.0,2,113.0,10,106.0,9,114.0,10,Put,37700
376,55.0,4,57.0,5,54.0,6,58.0,4,53.0,4,59.0,3,Call,37700
376,942.0,9,944.0,10,941.0,3,945.0,5,940.0,3,946.0,4,Underlying,37700
377,54.0,6,56.0,2,53.0,3,57.0,8,52.0,7,58.0,8,Call,37800
377,106.0,6,110.0,5,105.0,9,111.0,7,104.0,5,112.0,8,Put,37800
377,943.0,3,947.0,9,942.0,4,948.0,5,941.0,8,949.0,9,Underlying,37800
378,55.0,8,57.0,8,54.0,2,58.0,6,53.0,3,59.0,6,Call,37900
378,107.0,7,111.0,6,106.0,5,112.0,1,105.0,8,113.0,3,Put,37900
378,947.0,5,949.0,5,946.0,7,950.0,8,945.0,1,951.0,8,Underlying,37900
379,56.0,7,58.0,7,55.0,1,59.0,5,54.0,10,60.0,3,Call,38000
379,104.0,8,108.0,6,103.0,6,109.0,4,102.0,6,110.0,7,Put,38000
379,949.0,4,953.0,7,948.0,8,954.0,3,947.0,7,955.0,6,Underlying,38000
380,101.0,9,105.0,4,100.0,10,106.0,2,99.0,10,107.0,7,Put,38100
380,952.0,3,956.0,6,951.0,6,957.0,9,950.0,3,958.0,5,Underlying,38100
380,58.0,2,60.0,4,57.0,3,61.0,4,56.0,4,62.0,2,Call,38100
381,953.0,1,957.0,6,952.0,10,958.0,3,951.0,6,959.0,8,Underlying,38200
381,57.0,6,61.0,2,56.0,6,62.0,8,55.0,5,63.0,5,Call,38200
381,101.0,9,105.0,8,100.0,8,106.0,8,99.0,9,107.0,7,Put,38200
382,950.0,7,954.0,5,949.0,6,955.0,10,948.0,3,956.0,3,Underlying,38300
382,55.0,5,59.0,7,54.0,5,60.0,9,53.0,8,61.0,8,Call,38300
382,100.0,8,104.0,8,99.0,5,105.0,4,98.0,2,106.0,3,Put,38300
383,955.0,6,957.0,2,954.0,2,958.0,4,953.0,9,959.0,1,Underlying,38400
383,59.0,1,61.0,9,58.0,3,62.0,6,57.0,8,63.0,6,Call,38400
383,102.0,2,104.0,7,101.0,6,105.0,1,100.0,5,106.0,5,Put,38400
384,959.0,6,963.0,10,958.0,7,964.0,7,957.0,8,965.0,8,Underlying,38500
384,96.0,9,100.0,9,95.0,8,101.0,1,94.0,10,102.0,5,Put,38500
384,59.0,9,61.0,4,58.0,6,62.0,8,57.0,8,63.0,5,Call,38500
385,92.0,7,96.0,9,91.0,10,97.0,7,90.0,10,98.0,2,Put,38600
385,963.0,10,965.0,10,962.0,10,966.0,1,961.0,1,967.0,5,Underlying,38600
385,58.0,5,62.0,9,57.0,9,63.0,9,56.0,1,64.0,5,Call,38600
386,94.0,3,96.0,7,93.0,5,97.0,4,92.0,6,98.0,8,Put,38700
386,957.0,7,961.0,8,956.0,3,962.0,6,955.0,3,963.0,8,Underlying,38700
386,53.0,9,57.0,7,52.0,8,58.0,10,51.0,5,59.0,10,Call,38700
387,97.0,1,101.0,6,96.0,7,102.0,5,95.0,10,103.0,5,Put,38800
387,956.0,2,958.0,9,955.0,4,959.0,3,954.0,8,960.0,5,Underlying,38800
387,55.0,2,57.0,9,54.0,4,58.0,6,53.0,2,59.0,1,Call,38800
388,955.0,2,959.0,7,954.0,2,960.0,3,953.0,8,961.0,9,Underlying,38900
388,56.0,5,58.0,10,55.0,4,59.0,7,54.0,1,60.0,10,Call,38900
388,99.0,1,103.0,5,98.0,8,104.0,6,97.0,9,105.0,2,Put,38900
389,60.0,3,64.0,5,59.0,1,65.0,5,58.0,7,66.0,3,Call,39000
389,100.0,10,104.0,2,99.0,4,105.0,9,98.0,9,106.0,6,Put,39000
389,957.0,8,961.0,5,956.0,5,962.0,1,955.0,5,963.0,6,Underlying,39000
390,58.0,6,62.0,3,57.0,8,63.0,10,56.0,7,64.0,1,Call,39100
390,98.0,1,102.0,8,97.0,9,103.0,7,96.0,7,104.0,7,Put,39100
390,961.0,6,963.0,8,960.0,4,964.0,6,959.0,1,965.0,8,Underlying,39100
391,59.0,6,63.0,3,58.0,10,64.0,2,57.0,2,65.0,8,Call,39200
391,93.0,8,97.0,4,92.0,8,98.0,10,91.0,1,99.0,8,Put,39200
391,963.0,6,967.0,3,962.0,7,968.0,8,961.0,7,969.0,7,Underlying,39200
392,94.0,7,98.0,2,93.0,2,99.0,8,92.0,1,100.0,1,Put,39300
392,960.0,4,964.0,1,959.0,7,965.0,3,958.0,3,966.0,9,Underlying,39300
392,59.0,3,63.0,4,58.0,6,64.0,7,57.0,3,65.0,5,Call,39300
393,965.0,4,967.0,7,964.0,7,968.0,7,963.0,10,969.0,9,Underlying,39400
393,58.0,1,60.0,2,57.0,3,61.0,4,56.0,6,62.0,4,Call,39400
393,93.0,5,97.0,10,92.0,3,98.0,6,91.0,10,99.0,9,Put,39400
394,968.0,5,970.0,1,967.0,6,971.0,2,966.0,7,972.0,10,Underlying,39500
394,62.0,5,64.0,4,61.0,3,65.0,9,60.0,7,66.0,3,Call,39500
394,89.0,7,93.0,9,88.0,6,94.0,7,87.0,10,95.0,10,Put,39500
395,969.0,5,971.0,9,968.0,6,972.0,1,967.0,10,973.0,6,Underlying,39600
395,62.0,7,64.0,9,61.0,3,65.0,6,60.0,3,66.0,6,Call,39600
395,90.0,9,94.0,5,89.0,7,95.0,8,88.0,4,96.0,10,Put,39600
396,65.0,7,67.0,6,64.0,9,68.0,5,63.0,7,69.0,1,Call,39700
396,91.0,8,95.0,2,90.0,8,96.0,2,89.0,2,97.0,3,Put,39700
396,972.0,1,974.0,7,971.0,5,975.0,2,970.0,5,976.0,8,Underlying,39700
397,90.0,4,92.0,9,89.0,7,93.0,8,88.0,7,94.0,4,Put,39800
397,967.0,5,971.0,3,966.0,4,972.0,9,965.0,3,973.0,4,Underlying,39800
397,60.0,6,64.0,9,59.0,4,65.0,4,58.0,7,66.0,2,Call,39800
398,93.0,2,95.0,8,92.0,9,96.0,7,91.0,2,97.0,9,Put,39900
398,969.0,8,971.0,6,968.0,2,972.0,1,967.0,3,973.0,9,Underlying,39900
398,63.0,9,65.0,10,62.0,9,66.0,2,61.0,9,67.0,1,Call,39900
399,91.0,7,95.0,2,90.0,10,96.0,10,89.0,9,97.0,7,Put,40000
399,966.0,2,968.0,4,965.0,9,969.0,2,964.0,6,970.0,9,Underlying,40000
399,61.0,3,63.0,9,60.0,8,64.0,10,59.0,10,65.0,2,Call,40000
400,95.0,7,99.0,8,94.0,4,100.0,6,93.0,10,101.0,8,Put,40100
400,59.0,4,61.0,2,58.0,3,62.0,7,57.0,3,63.0,10,Call,40100
400,964.0,4,968.0,8,963.0,7,969.0,9,962.0,9,970.0,2,Underlying,40100
401,60.0,5,64.0,5,59.0,7,65.0,5,58.0,7,66.0,3,Call,40200
401,92.0,10,94.0,7,91.0,10,95.0,7,90.0,10,96.0,2,Put,40200
401,965.0,1,967.0,1,964.0,3,968.0,5,963.0,5,969.0,3,Underlying,40200
402,57.0,3,61.0,9,56.0,3,62.0,10,55.0,7,63.0,2,Call,40300
402,93.0,3,97.0,5,92.0,6,98.0,2,91.0,9,99.0,8,Put,40300
402,961.0,8,965.0,1,960.0,2,966.0,2,959.0,9,967.0,10,Underlying,40300
403,58.0,7,60.0,2,57.0,6,61.0,5,56.0,8,62.0,6,Call,40400
403,93.0,3,95.0,4,92.0,9,96.0,3,91.0,9,97.0,10,Put,40400
403,962.0,2,964.0,4,961.0,7,965.0,7,960.0,8,966.0,6,Underlying,40400
404,95.0,10,99.0,7,94.0,4,100.0,1,93.0,9,101.0,2,Put,40500
404,962.0,3,966.0,3,961.0,8,967.0,9,960.0,6,968.0,8,Underlying,40500
404,60.0,10,64.0,8,59.0,7,65.0,9,58.0,1,66.0,5,Call,40500
405,959.0,9,961.0,9,958.0,5,962.0,1,957.0,1,963.0,8,Underlying,40600
405,54.0,4,56.0,3,53.0,3,57.0,2,52.0,4,58.0,10,Call,40600
405,96.0,2,100.0,10,95.0,3,101.0,2,94.0,5,102.0,8,Put,40600
406,962.0,3,964.0,4,961.0,7,965.0,2,960.0,2,966.0,9,Underlying,40700
406,59.0,7,63.0,6,58.0,10,64.0,8,57.0,6,65.0,8,Call,40700
406,96.0,1,100.0,4,95.0,5,101.0,2,94.0,2,102.0,3,Put,40700
407,963.0,9,965.0,1,962.0,1,966.0,9,961.0,8,967.0,1,Underlying,40800
407,57.0,8,61.0,10,56.0,2,62.0,6,55.0,5,63.0,9,Call,40800
407,93.0,6,97.0,10,92.0,3,98.0,2,91.0,7,99.0,7,Put,40800
408,961.0,9,965.0,10,960.0,5,966.0,4,959.0,7,967.0,4,Underlying,40900
408,92.0,10,94.0,5,91.0,9,95.0,8,90.0,3,96.0,1,Put,40900
408,57.0,9,59.0,5,56.0,5,60.0,1,55.0,10,61.0,5,Call,40900
409,91.0,8,93.0,4,90.0,6,94.0,9,89.0,6,95.0,2,Put,41000
409,963.0,3,965.0,9,962.0,1,966.0,3,961.0,4,967.0,6,Underlying,41000
409,58.0,4,60.0,4,57.0,2,61.0,3,56.0,5,62.0,1,Call,41000
410,94.0,9,96.0,1,93.0,1,97.0,2,92.0,3,98.0,9,Put,41100
410,959.0,2,961.0,9,958.0,9,962.0,4,957.0,9,963.0,1,Underlying,41100
410,51.0,10,55.0,3,50.0,8,56.0,9,49.0,4,57.0,9,Call,41100
411,95.0,5,99.0,4,94.0,8,100.0,9,93.0,8,101.0,3,Put,41200
411,959.0,2,963.0,8,958.0,7,964.0,8,957.0,3,965.0,8,Underlying,41200
411,54.0,9,58.0,9,53.0,4,59.0,10,52.0,9,60.0,9,Call,41200
412,956.0,1,958.0,2,955.0,6,959.0,10,954.0,6,960.0,7,Underlying,41300
412,54.0,2,58.0,6,53.0,1,59.0,3,52.0,7,60.0,6,Call,41300
412,96.0,1,100.0,2,95.0,9,101.0,1,94.0,9,102.0,2,Put,41300
413,55.0,1,59.0,5,54.0,6,60.0,9,53.0,3,61.0,8,Call,41400
413,98.0,8,102.0,1,97.0,9,103.0,10,96.0,3,104.0,3,Put,41400
413,953.0,10,957.0,2,952.0,10,958.0,7,951.0,8,959.0,10,Underlying,41400
414,55.0,6,59.0,1,54.0,6,60.0,8,53.0,3,61.0,4,Call,41500
414,97.0,8,101.0,1,96.0,6,102.0,4,95.0,2,103.0,4,Put,41500
414,954.0,10,958.0,2,953.0,8,959.0,3,952.0,2,960.0,5,Underlying,41500
415,53.0,4,55.0,7,52.0,10,56.0,6,51.0,1,57.0,9,Call,41600
415,101.0,9,105.0,3,100.0,4,106.0,4,99.0,6,107.0,10,Put,41600
415,951.0,7,955.0,4,950.0,3,956.0,1,949.0,6,957.0,1,Underlying,41600
416,53.0,9,57.0,7,52.0,6,58.0,9,51.0,4,59.0,6,Call,41700
416,956.0,1,958.0,6,955.0,3,959.0,6,954.0,4,960.0,3,Underlying,41700
416,96.0,6,98.0,2,95.0,5,99.0,3,94.0,3,100.0,4,Put,41700
417,958.0,5,962.0,10,957.0,1,963.0,5,956.0,9,964.0,1,Underlying,41800
417,57.0,10,59.0,3,56.0,6,60.0,9,55.0,2,61.0,6,Call,41800
417,93.0,2,97.0,5,92.0,6,98.0,7,91.0,5,99.0,1,Put,41800
418,964.0,8,966.0,9,963.0,8,967.0,5,962.0,3,968.0,2,Underlying,41900
418,59.0,10,63.0,3,58.0,8,64.0,1,57.0,6,65.0,1,Call,41900
418,93.0,6,97.0,4,92.0,7,98.0,9,91.0,4,99.0,4,Put,41900
419,958.0,9,962.0,3,957.0,7,963.0,7,956.0,7,964.0,4,Underlying,42000
419,53.0,1,55.0,4,52.0,2,56.0,8,51.0,7,57.0,5,Call,42000
419,95.0,2,97.0,6,94.0,7,98.0,3,93.0,4,99.0,6,Put,42000
420,53.0,6,57.0,5,52.0,2,58.0,3,51.0,7,59.0,5,Call,42100
420,98.0,2,102.0,5,97.0,7,103.0,8,96.0,7,104.0,4,Put,42100
420,957.0,4,961.0,8,956.0,3,962.0,7,955.0,1,963.0,9,Underlying,42100
421,99.0,4,101.0,6,98.0,10,102.0,8,97.0,8,103.0,3,Put,42200
421,954.0,1,958.0,4,953.0,1,959.0,2,952.0,4,960.0,2,Underlying,42200
421,53.0,8,57.0,5,52.0,10,58.0,10,51.0,7,59.0,3,Call,42200
422,103.0,2,105.0,5,102.0,7,106.0,8,101.0,6,107.0,1,Put,42300
422,953.0,9,955.0,1,952.0,2,956.0,10,951.0,5,957.0,7,Underlying,42300
422,57.0,2,61.0,4,56.0,3,62.0,1,55.0,3,63.0,6,Call,42300
423,103.0,7,107.0,9,102.0,10,108.0,5,101.0,1,109.0,8,Put,42400
423,953.0,1,957.0,3,952.0,2,958.0,9,951.0,6,959.0,4,Underlying,42400
423,58.0,7,60.0,2,57.0,6,61.0,2,56.0,4,62.0,7,Call,42400
424,951.0,2,953.0,7,950.0,1,954.0,6,949.0,9,955.0,5,Underlying,42500
424,55.0,4,59.0,6,54.0,2,60.0,8,53.0,1,61.0,3,Call,42500
424,103.0,6,105.0,6,102.0,9,106.0,5,101.0,7,107.0,5,Put,42500
425,55.0,10,57.0,1,54.0,8,58.0,5,53.0,4,59.0,9,Call,42600
425,104.0,4,106.0,5,103.0,8,107.0,4,102.0,6,108.0,1,Put,42600
425,947.0,8,951.0,3,946.0,5,952.0,2,945.0,4,953.0,4,Underlying,42600
426,52.0,7,56.0,8,51.0,4,57.0,7,50.0,7,58.0,8,Call,42700
426,99.0,1,103.0,7,98.0,4,104.0,8,97.0,10,105.0,7,Put,42700
426,949.0,10,951.0,1,948.0,4,952.0,10,947.0,2,953.0,10,Underlying,42700
427,51.0,3,55.0,5,50.0,4,56.0,7,49.0,4,57.0,1,Call,42800
427,105.0,3,109.0,9,104.0,2,110.0,5,103.0,5,111.0,10,Put,42800
427,944.0,6,948.0,6,943.0,2,949.0,8,942.0,2,950.0,7,Underlying,42800
428,107.0,8,109.0,5,106.0,8,110.0,10,105.0,1,111.0,1,Put,42900
428,948.0,9,950.0,5,947.0,6,951.0,8,946.0,3,952.0,3,Underlying,42900
428,54.0,3,58.0,8,53.0,1,59.0,9,52.0,6,60.0,6,Call,42900
429,948.0,5,952.0,10,947.0,7,953.0,9,946.0,6,954.0,9,Underlying,43000
429,53.0,6,55.0,7,52.0,9,56.0,6,51.0,2,57.0,3,Call,43000
429,103.0,1,105.0,9,102.0,8,106.0,9,101.0,2,107.0,6,Put,43000
430,950.0,2,952.0,3,949.0,1,953.0,7,948.0,5,954.0,4,Underlying,43100
430,56.0,1,60.0,1,55.0,9,61.0,1,54.0,1,62.0,5,Call,43100
430,101.0,10,105.0,7,100.0,6,106.0,1,99.0,7,107.0,8,Put,43100
431,949.0,9,951.0,8,948.0,9,952.0,7,947.0,2,953.0,4,Underlying,43200
431,56.0,2,58.0,1,55.0,8,59.0,3,54.0,9,60.0,1,Call,43200
431,103.0,1,105.0,3,102.0,3,106.0,1,101.0,1,107.0,1,Put,43200
432,946.0,6,950.0,4,945.0,9,951.0,7,944.0,5,952.0,4,Underlying,43300
432,104.0,1,106.0,6,103.0,6,107.0,1,102.0,6,108.0,5,Put,43300
432,51.0,5,55.0,3,50.0,3,56.0,1,49.0,10,57.0,7,Call,43300
433,106.0,4,110.0,6,105.0,7,111.0,7,104.0,2,112.0,3,Put,43400
433,946.0,8,948.0,4,945.0,7,949.0,3,944.0,1,950.0,3,Underlying,43400
433,52.0,9,54.0,6,51.0,7,55.0,1,50.0,5,56.0,3,Call,43400
434,109.0,6,113.0,4,108.0,9,114.0,8,107.0,5,115.0,4,Put,43500
434,942.0,3,944.0,1,941.0,7,945.0,10,940.0,10,946.0,9,Underlying,43500
434,49.0,8,53.0,9,48.0,6,54.0,7,47.0,5,55.0,9,Call,43500
435,51.0,4,55.0,1,50.0,7,56.0,1,49.0,9,57.0,1,Call,43600
435,941.0,10,943.0,6,940.0,6,944.0,7,939.0,9,945.0,4,Underlying,43600
435,111.0,2,113.0,8,110.0,10,114.0,9,109.0,3,115.0,4,Put,43600
436,940.0,8,942.0,10,939.0,9,943.0,7,938.0,2,944.0,6,Underlying,43700
436,108.0,7,110.0,9,107.0,9,111.0,1,106.0,6,112.0,8,Put,43700
436,51.0,3,55.0,9,50.0,4,56.0,8,49.0,9,57.0,7,Call,43700
437,106.0,2,110.0,7,105.0,5,111.0,9,104.0,5,112.0,3,Put,43800
437,943.0,10,947.0,9,942.0,8,948.0,4,941.0,6,949.0,5,Underlying,43800
437,50.0,3,54.0,3,49.0,2,55.0,9,48.0,7,56.0,7,Call,43800
438,49.0,8,53.0,9,48.0,3,54.0,3,47.0,9,55.0,7,Call,43900
438,105.0,5,109.0,1,104.0,9,110.0,1,103.0,6,111.0,9,Put,43900
438,944.0,9,948.0,3,943.0,1,949.0,2,942.0,2,950.0,8,Underlying,43900
439,103.0,7,105.0,8,102.0,1,106.0,2,101.0,6,107.0,4,Put,44000
439,947.0,3,951.0,1,946.0,6,952.0,1,945.0,5,953.0,6,Underlying,44000
439,53.0,8,55.0,8,52.0,2,56.0,4,51.0,10,57.0,3,Call,44000
440,943.0,4,947.0,7,942.0,2,948.0,3,941.0,9,949.0,5,Underlying,44100
440,49.0,10,51.0,2,48.0,8,52.0,7,47.0,1,53.0,4,Call,44100
440,104.0,7,108.0,5,103.0,5,109.0,6,102.0,7,110.0,8,Put,44100
441,938.0,6,942.0,2,937.0,10,943.0,1,936.0,9,944.0,2,Underlying,44200
441,46.0,9,50.0,3,45.0,8,51.0,8,44.0,5,52.0,6,Call,44200
441,107.0,1,111.0,2,106.0,6,112.0,4,105.0,10,113.0,3,Put,44200
442,935.0,4,939.0,6,934.0,3,940.0,2,933.0,6,941.0,7,Underlying,44300
442,44.0,6,48.0,2,43.0,7,49.0,9,42.0,7,50.0,2,Call,44300
442,111.0,8,113.0,8,110.0,1,114.0,5,109.0,4,115.0,4,Put,44300
443,48.0,5,50.0,4,47.0,2,51.0,4,46.0,7,52.0,5,Call,44400
443,110.0,8,114.0,1,109.0,8,115.0,1,108.0,8,116.0,3,Put,44400
443,932.0,7,936.0,8,931.0,6,937.0,6,930.0,10,938.0,3,Underlying,44400
444,112.0,6,114.0,7,111.0,3,115.0,5,110.0,1,116.0,2,Put,44500
444,932.0,2,936.0,9,931.0,3,937.0,7,930.0,2,938.0,6,Underlying,44500
444,49.0,8,53.0,9,48.0,9,54.0,3,47.0,9,55.0,5,Call,44500
445,111.0,8,113.0,7,110.0,8,114.0,5,109.0,3,115.0,2,Put,44600
445,935.0,7,939.0,6,934.0,7,940.0,8,933.0,10,941.0,6,Underlying,44600
445,49.0,2,51.0,10,48.0,9,52.0,8,47.0,2,53.0,10,Call,44600
446,112.0,5,114.0,4,111.0,10,115.0,5,110.0,8,116.0,7,Put,44700
446,936.0,2,940.0,6,935.0,5,941.0,3,934.0,1,942.0,7,Underlying,44700
446,49.0,1,51.0,9,48.0,10,52.0,8,47.0,4,53.0,9,Call,44700
447,105.0,8,109.0,2,104.0,7,110.0,1,103.0,8,111.0,10,Put,44800
447,47.0,10,51.0,8,46.0,4,52.0,6,45.0,7,53.0,6,Call,44800
447,939.0,5,941.0,1,938.0,7,942.0,7,937.0,3,943.0,3,Underlying,44800
448,50.0,3,52.0,7,49.0,5,53.0,6,48.0,10,54.0,2,Call,44900
448,105.0,1,107.0,3,104.0,1,108.0,10,103.0,10,109.0,8,Put,44900
448,941.0,8,945.0,7,940.0,4,946.0,2,939.0,5,947.0,8,Underlying,44900
449,53.0,2,55.0,1,52.0,6,56.0,9,51.0,2,57.0,8,Call,45000
449,106.0,1,108.0,8,105.0,6,109.0,2,104.0,1,110.0,2,Put,45000
449,942.0,6,946.0,3,941.0,1,947.0,8,940.0,1,948.0,2,Underlying,45000
450,51.0,8,55.0,5,50.0,2,56.0,5,49.0,3,57.0,8,Call,45100
450,110.0,2,112.0,1,109.0,4,113.0,2,108.0,10,114.0,6,Put,45100
450,941.0,9,943.0,2,940.0,7,944.0,10,939.0,3,945.0,7,Underlying,45100
451,107.0,2,111.0,6,106.0,3,112.0,6,105.0,9,113.0,8,Put,45200
451,939.0,1,941.0,10,938.0,4,942.0,9,937.0,8,943.0,2,Underlying,45200
451,48.0,8,52.0,3,47.0,4,53.0,5,46.0,3,54.0,8,Call,45200
452,943.0,2,945.0,6,942.0,10,946.0,8,941.0,7,947.0,8,Underlying,45300
452,53.0,4,57.0,1,52.0,1,58.0,8,51.0,4,59.0,1,Call,45300
452,106.0,6,110.0,6,105.0,8,111.0,4,104.0,10,112.0,6,Put,45300
453,945.0,3,947.0,9,944.0,1,948.0,9,943.0,9,949.0,9,Underlying,45400
453,55.0,8,57.0,3,54.0,1,58.0,5,53.0,9,59.0,9,Call,45400
453,106.0,7,108.0,6,105.0,10,109.0,2,104.0,4,110.0,3,Put,45400
454,942.0,5,944.0,1,941.0,5,945.0,6,940.0,9,946.0,7,Underlying,45500
454,54.0,5,58.0,1,53.0,4,59.0,1,52.0,10,60.0,4,Call,45500
454,110.0,2,114.0,6,109.0,9,115.0,7,108.0,2,116.0,2,Put,45500
455,52.0,1,54.0,9,51.0,10,55.0,5,50.0,10,56.0,6,Call,45600
455,112.0,4,116.0,1,111.0,6,117.0,9,110.0,4,118.0,2,Put,45600
455,942.0,4,944.0,4,941.0,5,945.0,1,940.0,4,946.0,3,Underlying,45600
456,110.0,1,114.0,2,109.0,7,115.0,10,108.0,2,116.0,9,Put,45700
456,945.0,2,949.0,7,944.0,7,950.0,7,943.0,9,951.0,6,Underlying,45700
456,57.0,1,61.0,7,56.0,9,62.0,9,55.0,10,63.0,8,Call,45700
457,109.0,7,113.0,2,108.0,10,114.0,8,107.0,10,115.0,3,Put,45800
457,943.0,9,947.0,10,942.0,6,948.0,10,941.0,5,949.0,7,Underlying,45800
457,58.0,8,62.0,8,57.0,1,63.0,6,56.0,6,64.0,10,Call,45800
458,112.0,3,116.0,4,111.0,7,117.0,9,110.0,6,118.0,2,Put,45900
458,943.0,8,947.0,9,942.0,7,948.0,10,941.0,9,949.0,10,Underlying,45900
458,59.0,3,61.0,1,58.0,10,62.0,6,57.0,10,63.0,7,Call,45900
459,943.0,10,945.0,7,942.0,1,946.0,6,941.0,3,947.0,8,Underlying,46000
459,56.0,3,60.0,10,55.0,9,61.0,3,54.0,1,62.0,3,Call,46000
459,112.0,3,114.0,6,111.0,6,115.0,10,110.0,8,116.0,6,Put,46000
460,54.0,10,58.0,9,53.0,2,59.0,2,52.0,10,60.0,10,Call,46100
460,109.0,7,111.0,5,108.0,2,112.0,8,107.0,8,113.0,4,Put,46100
460,942.0,1,944.0,5,941.0,6,945.0,2,940.0,9,946.0,5,Underlying,46100
461,52.0,3,56.0,9,51.0,3,57.0,6,50.0,2,58.0,8,Call,46200
461,107.0,4,111.0,5,106.0,1,112.0,3,105.0,7,113.0,6,Put,46200
461,939.0,1,943.0,7,938.0,4,944.0,1,937.0,6,945.0,5,Underlying,46200
462,53.0,5,55.0,7,52.0,9,56.0,6,51.0,6,57.0,7,Call,46300
462,112.0,6,116.0,2,111.0,3,117.0,1,110.0,5,118.0,2,Put,46300
462,938.0,6,942.0,4,937.0,10,943.0,4,936.0,7,944.0,8,Underlying,46300
463,52.0,4,56.0,10,51.0,8,57.0,5,50.0,9,58.0,9,Call,46400
463,942.0,10,944.0,3,941.0,9,945.0,2,940.0,2,946.0,10,Underlying,46400
463,107.0,3,111.0,9,106.0,9,112.0,8,105.0,1,113.0,8,Put,46400
464,943.0,2,945.0,2,942.0,1,946.0,10,941.0,6,947.0,5,Underlying,46500
464,55.0,6,57.0,9,54.0,6,58.0,8,53.0,8,59.0,1,Call,46500
464,109.0,6,113.0,10,108.0,10,114.0,5,107.0,8,115.0,4,Put,46500
465,944.0,7,948.0,9,943.0,4,949.0,7,942.0,4,950.0,7,Underlying,46600
465,56.0,9,60.0,3,55.0,8,61.0,2,54.0,8,62.0,10,Call,46600
465,109.0,5,113.0,9,108.0,1,114.0,1,107.0,8,115.0,5,Put,46600
466,946.0,5,948.0,8,945.0,6,949.0,7,944.0,10,950.0,6,Underlying,46700
466,53.0,10,55.0,10,52.0,10,56.0,4,51.0,6,57.0,1,Call,46700
466,106.0,8,108.0,3,105.0,2,109.0,2,104.0,5,110.0,6,Put,46700
467,59.0,7,61.0,1,58.0,9,62.0,8,57.0,6,63.0,1,Call,46800
467,104.0,9,106.0,1,103.0,3,107.0,9,102.0,1,108.0,8,Put,46800
467,950.0,6,952.0,2,949.0,1,953.0,3,948.0,2,954.0,2,Underlying,46800
468,104.0,6,106.0,6,103.0,3,107.0,3,102.0,6,108.0,7,Put,46900
468,953.0,3,955.0,8,952.0,2,956.0,8,951.0,4,957.0,3,Underlying,46900
468,57.0,8,61.0,4,56.0,10,62.0,4,55.0,2,63.0,6,Call,46900
469,101.0,6,103.0,4,100.0,8,104.0,1,99.0,2,105.0,3,Put,47000
469,957.0,8,959.0,9,956.0,5,960.0,8,955.0,5,961.0,3,Underlying,47000
469,61.0,9,65.0,3,60.0,6,66.0,5,59.0,9,67.0,2,Call,47000
470,101.0,5,105.0,10,100.0,5,106.0,7,99.0,4,107.0,6,Put,47100
470,61.0,2,65.0,7,60.0,6,66.0,7,59.0,9,67.0,7,Call,47100
470,962.0,8,964.0,5,961.0,3,965.0,6,960.0,8,966.0,8,Underlying,47100
471,64.0,8,68.0,2,63.0,7,69.0,7,62.0,2,70.0,5,Call,47200
471,96.0,9,100.0,9,95.0,2,101.0,10,94.0,4,102.0,9,Put,47200
471,963.0,7,965.0,1,962.0,9,966.0,3,961.0,4,967.0,4,Underlying,47200
472,67.0,5,69.0,6,66.0,4,70.0,10,65.0,6,71.0,6,Call,47300
472,99.0,4,101.0,3,98.0,6,102.0,4,97.0,6,103.0,1,Put,47300
472,966.0,4,968.0,8,965.0,6,969.0,9,964.0,9,970.0,4,Underlying,47300
473,68.0,3,70.0,4,67.0,2,71.0,4,66.0,9,72.0,8,Call,47400
473,98.0,5,102.0,8,97.0,9,103.0,6,96.0,10,104.0,1,Put,47400
473,966.0,9,968.0,1,965.0,7,969.0,3,964.0,8,970.0,10,Underlying,47400
474,99.0,1,101.0,5,98.0,6,102.0,5,97.0,8,103.0,7,Put,47500
474,963.0,6,965.0,6,962.0,8,966.0,9,961.0,1,967.0,6,Underlying,47500
474,66.0,8,70.0,4,65.0,5,71.0,6,64.0,7,72.0,1,Call,47500
475,958.0,7,962.0,1,957.0,3,963.0,5,956.0,5,964.0,5,Underlying,47600
475,64.0,1,66.0,4,63.0,4,67.0,5,62.0,2,68.0,6,Call,47600
475,105.0,2,107.0,8,104.0,3,108.0,3,103.0,2,109.0,2,Put,47600
476,956.0,2,960.0,6,955.0,6,961.0,5,954.0,1,962.0,3,Underlying,47700
476,60.0,8,64.0,4,59.0,2,65.0,1,58.0,2,66.0,9,Call,47700
476,103.0,5,107.0,10,102.0,3,108.0,10,101.0,9,109.0,9,Put,47700
477,959.0,9,963.0,4,958.0,8,964.0,3,957.0,7,965.0,1,Underlying,47800
477,63.0,8,67.0,2,62.0,7,68.0,1,61.0,5,69.0,4,Call,47800
477,103.0,2,107.0,7,102.0,10,108.0,2,101.0,3,109.0,9,Put,47800
478,960.0,4,962.0,3,959.0,7,963.0,2,958.0,3,964.0,4,Underlying,47900
478,102.0,6,106.0,6,101.0,2,107.0,9,100.0,8,108.0,7,Put,47900
478,63.0,3,65.0,9,62.0,9,66.0,4,61.0,10,67.0,6,Call,47900
479,105.0,8,107.0,1,104.0,10,108.0,3,103.0,9,109.0,9,Put,48000
479,958.0,3,962.0,10,957.0,7,963.0,10,956.0,10,964.0,7,Underlying,48000
479,63.0,5,67.0,10,62.0,10,68.0,9,61.0,7,69.0,10,Call,48000
480,102.0,10,106.0,4,101.0,1,107.0,8,100.0,7,108.0,2,Put,48100
480,963.0,3,965.0,3,962.0,3,966.0,8,961.0,7,967.0,6,Underlying,48100
480,65.0,2,69.0,2,64.0,6,70.0,3,63.0,7,71.0,4,Call,48100
481,100.0,9,102.0,3,99.0,1,103.0,8,98.0,1,104.0,6,Put,48200
481,967.0,4,971.0,1,966.0,8,972.0,1,965.0,4,973.0,8,Underlying,48200
481,65.0,10,69.0,4,64.0,1,70.0,1,63.0,6,71.0,8,Call,48200
482,69.0,2,71.0,4,68.0,7,72.0,7,67.0,9,73.0,4,Call,48300
482,101.0,10,105.0,10,100.0,7,106.0,6,99.0,7,107.0,5,Put,48300
482,965.0,4,969.0,2,964.0,6,970.0,10,963.0,2,971.0,2,Underlying,48300
483,961.0,2,965.0,7,960.0,6,966.0,2,959.0,5,967.0,4,Underlying,48400
483,101.0,1,103.0,7,100.0,2,104.0,5,99.0,4,105.0,2,Put,48400
483,64.0,1,68.0,10,63.0,1,69.0,10,62.0,1,70.0,6,Call,48400
484,66.0,10,70.0,3,65.0,1,71.0,6,64.0,4,72.0,10,Call,48500
484,101.0,9,105.0,8,100.0,1,106.0,3,99.0,3,107.0,1,Put,48500
484,962.0,10,964.0,10,961.0,10,965.0,1,960.0,7,966.0,3,Underlying,48500
485,64.0,7,68.0,10,63.0,9,69.0,10,62.0,10,70.0,8,Call,48600
485,102.0,3,106.0,7,101.0,1,107.0,9,100.0,6,108.0,2,Put,48600
485,958.0,2,960.0,1,957.0,10,961.0,9,956.0,10,962.0,4,Underlying,48600
486,108.0,9,110.0,7,107.0,5,111.0,2,106.0,5,112.0,5,Put,48700
486,953.0,2,957.0,8,952.0,9,958.0,10,951.0,2,959.0,10,Underlying,48700
486,60.0,1,62.0,10,59.0,1,63.0,2,58.0,9,64.0,9,Call,48700
487,953.0,7,955.0,10,952.0,7,956.0,9,951.0,2,957.0,3,Underlying,48800
487,61.0,2,65.0,4,60.0,6,66.0,8,59.0,5,67.0,1,Call,48800
487,104.0,5,106.0,3,103.0,8,107.0,10,102.0,10,108.0,2,Put,48800
488,947.0,2,951.0,7,946.0,7,952.0,2,945.0,10,953.0,5,Underlying,48900
488,58.0,3,60.0,5,57.0,1,61.0,10,56.0,5,62.0,10,Call,48900
488,110.0,5,114.0,8,109.0,10,115.0,9,108.0,1,116.0,7,Put,48900
489,945.0,10,947.0,2,944.0,3,948.0,7,943.0,8,949.0,6,Underlying,49000
489,55.0,6,59.0,2,54.0,3,60.0,1,53.0,1,61.0,8,Call,49000
489,108.0,1,110.0,3,107.0,1,111.0,7,106.0,1,112.0,1,Put,49000
490,108.0,6,110.0,9,107.0,5,111.0,7,106.0,7,112.0,3,Put,49100
490,950.0,6,952.0,6,949.0,10,953.0,9,948.0,1,954.0,4,Underlying,49100
490,59.0,5,61.0,4,58.0,7,62.0,10,57.0,7,63.0,3,Call,49100
491,60.0,9,64.0,3,59.0,7,65.0,5,58.0,10,66.0,5,Call,49200
491,950.0,5,954.0,10,949.0,7,955.0,4,948.0,10,956.0,2,Underlying,49200
491,105.0,2,107.0,2,104.0,6,108.0,10,103.0,7,109.0,3,Put,49200
492,105.0,10,107.0,1,104.0,10,108.0,2,103.0,7,109.0,7,Put,49300
492,952.0,6,954.0,2,951.0,2,955.0,9,950.0,3,956.0,8,Underlying,49300
492,61.0,2,63.0,5,60.0,7,64.0,1,59.0,1,65.0,9,Call,49300
493,105.0,9,107.0,2,104.0,4,108.0,9,103.0,1,109.0,10,Put,49400
493,952.0,1,956.0,5,951.0,1,957.0,2,950.0,4,958.0,6,Underlying,49400
493,59.0,7,63.0,6,58.0,10,64.0,7,57.0,3,65.0,3,Call,49400
494,106.0,3,108.0,8,105.0,4,109.0,9,104.0,3,110.0,7,Put,49500
494,55.0,9,59.0,3,54.0,7,60.0,4,53.0,8,61.0,9,Call,49500
494,949.0,7,953.0,7,948.0,7,954.0,6,947.0,8,955.0,5,Underlying,49500
495,61.0,5,63.0,10,60.0,6,64.0,4,59.0,6,65.0,6,Call,49600
495,951.0,9,955.0,5,950.0,8,956.0,10,949.0,8,957.0,10,Underlying,49600
495,104.0,5,108.0,8,103.0,9,109.0,4,102.0,8,110.0,1,Put,49600
496,59.0,2,63.0,7,58.0,8,64.0,1,57.0,4,65.0,8,Call,49700
496,956.0,6,958.0,4,955.0,2,959.0,6,954.0,9,960.0,7,Underlying,49700
496,105.0,1,109.0,2,104.0,1,110.0,2,103.0,5,111.0,6,Put,49700
497,66.0,4,68.0,2,65.0,9,69.0,5,64.0,3,70.0,6,Call,49800
497,957.0,1,961.0,9,956.0,2,962.0,2,955.0,3,963.0,5,Underlying,49800
497,104.0,4,106.0,8,103.0,10,107.0,1,102.0,4,108.0,1,Put,49800
498,62.0,4,64.0,4,61.0,6,65.0,5,60.0,7,66.0,1,Call,49900
498,960.0,2,962.0,4,959.0,9,963.0,3,958.0,1,964.0,3,Underlying,49900
498,101.0,8,105.0,10,100.0,5,106.0,3,99.0,7,107.0,8,Put,49900
499,962.0,1,966.0,8,961.0,3,967.0,2,960.0,2,968.0,8,Underlying,50000
499,102.0,10,104.0,3,101.0,9,105.0,6,100.0,4,106.0,3,Put,50000
499,66.0,5,70.0,1,65.0,5,71.0,6,64.0,5,72.0,3,Call,50000
500,102.0,2,106.0,7,101.0,4,107.0,8,100.0,7,108.0,8,Put,50100
500,64.0,9,66.0,10,63.0,5,67.0,9,62.0,6,68.0,8,Call,50100
500,959.0,10,963.0,10,958.0,3,964.0,8,957.0,7,965.0,6,Underlying,50100
501,104.0,9,106.0,8,103.0,6,107.0,7,102.0,5,108.0,10,Put,50200
501,962.0,9,966.0,5,961.0,6,967.0,6,960.0,3,968.0,10,Underlying,50200
501,67.0,8,69.0,2,66.0,7,70.0,4,65.0,5,71.0,1,Call,50200
502,101.0,9,103.0,6,100.0,1,104.0,2,99.0,3,105.0,4,Put,50300
502,963.0,2,967.0,2,962.0,1,968.0,5,961.0,4,969.0,2,Underlying,50300
502,63.0,2,67.0,3,62.0,5,68.0,7,61.0,4,69.0,8,Call,50300
503,64.0,6,66.0,5,63.0,5,67.0,9,62.0,4,68.0,6,Call,50400
503,958.0,3,962.0,9,957.0,4,963.0,7,956.0,6,964.0,7,Underlying,50400
503,104.0,6,106.0,5,103.0,4,107.0,6,102.0,2,108.0,8,Put,50400
504,96.0,8,100.0,3,95.0,6,101.0,3,94.0,2,102.0,1,Put,50500
504,964.0,8,966.0,8,963.0,4,967.0,9,962.0,7,968.0,2,Underlying,50500
504,64.0,6,68.0,10,63.0,7,69.0,8,62.0,5,70.0,7,Call,50500
505,64.0,4,68.0,3,63.0,7,69.0,4,62.0,4,70.0,4,Call,50600
505,100.0,6,102.0,10,99.0,5,103.0,3,98.0,5,104.0,4,Put,50600
505,963.0,9,965.0,7,962.0,3,966.0,8,961.0,10,967.0,7,Underlying,50600
506,101.0,2,103.0,3,100.0,9,104.0,2,99.0,10,105.0,2,Put,50700
506,64.0,7,68.0,4,63.0,3,69.0,1,62.0,9,70.0,1,Call,50700
506,961.0,6,965.0,7,960.0,6,966.0,4,959.0,8,967.0,1,Underlying,50700
507,98.0,5,100.0,7,97.0,3,101.0,3,96.0,9,102.0,10,Put,50800
507,62.0,10,64.0,1,61.0,7,65.0,10,60.0,5,66.0,10,Call,50800
507,961.0,3,965.0,3,960.0,4,966.0,9,959.0,9,967.0,3,Underlying,50800
508,98.0,4,100.0,6,97.0,7,101.0,4,96.0,10,102.0,8,Put,50900
508,964.0,1,966.0,2,963.0,8,967.0,4,962.0,8,968.0,1,Underlying,50900
508,64.0,7,66.0,1,63.0,4,67.0,2,62.0,10,68.0,6,Call,50900
509,967.0,4,969.0,2,966.0,2,970.0,8,965.0,9,971.0,6,Underlying,51000
509,63.0,6,65.0,2,62.0,7,66.0,1,61.0,2,67.0,10,Call,51000
509,97.0,7,99.0,1,96.0,7,100.0,7,95.0,2,101.0,5,Put,51000
510,969.0,8,973.0,5,968.0,9,974.0,5,967.0,3,975.0,4,Underlying,51100
510,63.0,2,65.0,6,62.0,6,66.0,10,61.0,5,67.0,2,Call,51100
510,93.0,4,95.0,9,92.0,1,96.0,5,91.0,2,97.0,1,Put,51100
511,966.0,9,970.0,7,965.0,3,971.0,2,964.0,3,972.0,6,Underlying,51200
511,62.0,1,64.0,10,61.0,6,65.0,7,60.0,3,66.0,5,Call,51200
511,93.0,6,97.0,9,92.0,4,98.0,2,91.0,5,99.0,4,Put,51200
512,63.0,7,65.0,10,62.0,5,66.0,6,61.0,7,67.0,8,Call,51300
512,967.0,7,969.0,9,966.0,5,970.0,8,965.0,2,971.0,7,Underlying,51300
512,93.0,1,97.0,9,92.0,1,98.0,3,91.0,7,99.0,7,Put,51300
513,964.0,10,968.0,5,963.0,3,969.0,7,962.0,4,970.0,10,Underlying,51400
513,60.0,1,64.0,8,59.0,5,65.0,6,58.0,1,66.0,2,Call,51400
513,94.0,4,98.0,5,93.0,10,99.0,5,92.0,1,100.0,7,Put,51400
514,89.0,2,93.0,2,88.0,5,94.0,10,87.0,7,95.0,10,Put,51500
514,968.0,2,972.0,10,967.0,10,973.0,5,966.0,8,974.0,4,Underlying,51500
514,60.0,1,64.0,7,59.0,3,65.0,6,58.0,3,66.0,10,Call,51500
515,969.0,6,971.0,1,968.0,10,972.0,6,967.0,10,973.0,9,Underlying,51600
515,59.0,4,63.0,10,58.0,9,64.0,5,57.0,6,65.0,5,Call,51600
515,92.0,3,94.0,9,91.0,10,95.0,5,90.0,3,96.0,2,Put,51600
516,967.0,3,971.0,2,966.0,3,972.0,1,965.0,6,973.0,6,Underlying,51700
516,63.0,1,65.0,6,62.0,5,66.0,8,61.0,8,67.0,5,Call,51700
516,93.0,4,97.0,1,92.0,6,98.0,6,91.0,6,99.0,7,Put,51700
517,63.0,3,67.0,4,62.0,7,68.0,10,61.0,5,69.0,2,Call,51800
517,972.0,8,976.0,9,971.0,9,977.0,1,970.0,8,978.0,6,Underlying,51800
517,89.0,8,93.0,3,88.0,3,94.0,1,87.0,6,95.0,7,Put,51800
518,976.0,1,980.0,9,975.0,5,981.0,7,974.0,2,982.0,3,Underlying,51900
518,64.0,7,68.0,5,63.0,6,69.0,3,62.0,7,70.0,4,Call,51900
518,88.0,10,90.0,3,87.0,3,91.0,6,86.0,7,92.0,5,Put,51900
519,974.0,3,976.0,5,973.0,3,977.0,6,972.0,4,978.0,10,Underlying,52000
519,63.0,8,65.0,4,62.0,5,66.0,10,61.0,4,67.0,4,Call,52000
519,90.0,5,92.0,8,89.0,7,93.0,9,88.0,1,94.0,3,Put,52000
520,974.0,8,976.0,3,973.0,9,977.0,7,972.0,10,978.0,1,Underlying,52100
520,66.0,7,70.0,9,65.0,7,71.0,7,64.0,10,72.0,6,Call,52100
520,89.0,3,93.0,5,88.0,1,94.0,2,87.0,9,95.0,2,Put,52100
521,969.0,10,971.0,8,968.0,10,972.0,9,967.0,7,973.0,5,Underlying,52200
521,60.0,10,64.0,1,59.0,10,65.0,4,58.0,6,66.0,6,Call,52200
521,91.0,1,93.0,9,90.0,4,94.0,9,89.0,6,95.0,5,Put,52200
522,92.0,9,96.0,9,91.0,10,97.0,4,90.0,7,98.0,1,Put,52300
522,67.0,1,69.0,6,66.0,6,70.0,2,65.0,4,71.0,3,Call,52300
522,972.0,5,976.0,5,971.0,2,977.0,9,970.0,6,978.0,1,Underlying,52300
523,64.0,8,66.0,6,63.0,9,67.0,5,62.0,9,68.0,1,Call,52400
523,89.0,9,91.0,9,88.0,2,92.0,10,87.0,10,93.0,1,Put,52400
523,973.0,3,975.0,6,972.0,4,976.0,9,971.0,1,977.0,10,Underlying,52400
524,88.0,8,90.0,9,87.0,10,91.0,5,86.0,1,92.0,6,Put,52500
524,65.0,3,67.0,9,64.0,6,68.0,4,63.0,10,69.0,6,Call,52500
524,974.0,5,978.0,4,973.0,3,979.0,7,972.0,3,980.0,1,Underlying,52500
525,85.0,3,89.0,8,84.0,10,90.0,2,83.0,4,91.0,5,Put,52600
525,69.0,1,71.0,2,68.0,1,72.0,9,67.0,8,73.0,4,Call,52600
525,980.0,9,982.0,3,979.0,4,983.0,6,978.0,5,984.0,1,Underlying,52600
526,984.0,10,986.0,3,983.0,3,987.0,10,982.0,8,988.0,9,Underlying,52700
526,72.0,9,76.0,4,71.0,6,77.0,9,70.0,8,78.0,2,Call,52700
526,83.0,6,87.0,3,82.0,6,88.0,10,81.0,5,89.0,5,Put,52700
527,978.0,5,982.0,1,977.0,5,983.0,7,976.0,5,984.0,7,Underlying,52800
527,87.0,5,89.0,10,86.0,7,90.0,5,85.0,7,91.0,1,Put,52800
