index,bid_price_1,bid_volume_1,ask_price_1,ask_volume_1,product,timestamp
0,78.0,0,80.0,2,Call,100
0,79.0,0,78.0,2,Put,100
0,1003.0,2,1000.0,2,Underlying,100
1,84.0,0,81.0,0,Call,200
1,78.0,2,77.0,2,Put,200
1,1006.0,0,1006.0,1,Underlying,200
2,86.0,1,88.0,1,Call,300
2,79.0,0,76.0,0,Put,300
2,1006.0,0,1007.0,1,Underlying,300
3,82.0,0,80.0,0,Call,400
3,78.0,0,79.0,2,Put,400
3,1008.0,1,1008.0,1,Underlying,400
4,76.0,1,80.0,1,Put,500
4,1005.0,2,1003.0,2,Underlying,500
4,80.0,0,83.0,1,Call,500
5,1003.0,1,1001.0,2,Underlying,600
5,79.0,0,81.0,2,Call,600
5,80.0,0,78.0,0,Put,600
6,996.0,2,998.0,0,Underlying,700
6,78.0,0,82.0,2,Call,700
6,78.0,1,81.0,1,Put,700
7,1001.0,0,1000.0,2,Underlying,800
7,78.0,1,78.0,0,Call,800
7,78.0,2,80.0,2,Put,800
8,1004.0,2,1004.0,1,Underlying,900
8,76.0,2,76.0,0,Put,900
8,77.0,1,79.0,2,Call,900
9,76.0,1,72.0,0,Put,1000
9,1012.0,2,1007.0,2,Underlying,1000
9,82.0,0,82.0,0,Call,1000
10,76.0,0,76.0,1,Put,1100
10,1008.0,2,1007.0,1,Underlying,1100
10,82.0,1,77.0,2,Call,1100
11,70.0,0,74.0,2,Put,1200
11,1008.0,1,1005.0,2,Underlying,1200
11,80.0,1,83.0,1,Call,1200
12,1004.0,0,1007.0,1,Underlying,1300
12,81.0,2,80.0,2,Call,1300
12,71.0,2,76.0,0,Put,1300
13,83.0,1,79.0,1,Call,1400
13,76.0,0,77.0,0,Put,1400
13,1006.0,0,1005.0,2,Underlying,1400
14,79.0,1,81.0,2,Call,1500
14,76.0,1,77.0,1,Put,1500
14,1003.0,0,1009.0,2,Underlying,1500
15,82.0,0,82.0,0,Call,1600
15,75.0,1,73.0,0,Put,1600
15,1002.0,0,1003.0,0,Underlying,1600
16,73.0,2,77.0,2,Put,1700
16,1003.0,0,1000.0,1,Underlying,1700
16,80.0,1,76.0,2,Call,1700
17,998.0,2,1004.0,1,Underlying,1800
17,79.0,1,79.0,2,Call,1800
17,79.0,0,80.0,2,Put,1800
18,1004.0,1,1005.0,1,Underlying,1900
18,82.0,0,87.0,2,Call,1900
18,79.0,1,76.0,2,Put,1900
19,1009.0,2,1010.0,1,Underlying,2000
19,87.0,2,89.0,0,Call,2000
19,75.0,0,75.0,0,Put,2000
20,82.0,0,85.0,2,Call,2100
20,74.0,1,78.0,0,Put,2100
20,1007.0,0,1007.0,1,Underlying,2100
21,77.0,0,76.0,1,Put,2200
21,1010.0,0,1005.0,2,Underlying,2200
21,88.0,0,82.0,2,Call,2200
22,83.0,0,80.0,2,Put,2300
22,1006.0,0,1001.0,1,Underlying,2300
22,81.0,0,85.0,2,Call,2300
23,78.0,0,79.0,1,Put,2400
23,1007.0,1,1004.0,2,Underlying,2400
23,85.0,2,84.0,0,Call,2400
24,80.0,2,80.0,2,Put,2500
24,88.0,1,85.0,0,Call,2500
24,1001.0,0,998.0,0,Underlying,2500
25,82.0,0,85.0,0,Call,2600
25,78.0,0,80.0,1,Put,2600
25,1001.0,0,999.0,2,Underlying,2600
26,81.0,2,80.0,1,Call,2700
26,85.0,1,83.0,2,Put,2700
26,993.0,0,996.0,2,Underlying,2700
27,80.0,0,79.0,1,Call,2800
27,85.0,2,89.0,2,Put,2800
27,991.0,1,991.0,2,Underlying,2800
28,91.0,2,88.0,1,Put,2900
28,987.0,0,990.0,0,Underlying,2900
28,78.0,0,78.0,2,Call,2900
29,986.0,0,984.0,0,Underlying,3000
29,77.0,1,76.0,0,Call,3000
29,91.0,2,95.0,2,Put,3000
30,989.0,1,988.0,2,Underlying,3100
30,78.0,0,74.0,1,Call,3100
30,94.0,0,94.0,0,Put,3100
31,990.0,2,993.0,1,Underlying,3200
31,78.0,1,76.0,2,Call,3200
31,86.0,1,86.0,1,Put,3200
32,990.0,1,996.0,0,Underlying,3300
32,86.0,1,87.0,1,Put,3300
32,84.0,2,80.0,2,Call,3300
33,85.0,1,88.0,2,Put,3400
33,991.0,2,990.0,2,Underlying,3400
33,81.0,1,77.0,0,Call,3400
34,87.0,1,84.0,0,Put,3500
34,989.0,0,989.0,2,Underlying,3500
34,74.0,0,74.0,2,Call,3500
35,89.0,0,88.0,0,Put,3600
35,985.0,2,986.0,0,Underlying,3600
35,75.0,2,71.0,2,Call,3600
36,982.0,0,984.0,1,Underlying,3700
36,75.0,2,73.0,2,Call,3700
36,91.0,1,89.0,0,Put,3700
37,73.0,0,71.0,1,Call,3800
37,90.0,0,93.0,2,Put,3800
37,982.0,2,977.0,1,Underlying,3800
38,72.0,1,70.0,2,Call,3900
38,92.0,0,95.0,1,Put,3900
38,976.0,0,976.0,1,Underlying,3900
39,66.0,1,69.0,1,Call,4000
39,96.0,0,92.0,0,Put,4000
39,974.0,2,974.0,0,Underlying,4000
40,67.0,1,65.0,2,Call,4100
40,971.0,2,977.0,1,Underlying,4100
40,96.0,0,95.0,0,Put,4100
41,976.0,1,974.0,0,Underlying,4200
41,67.0,1,67.0,1,Call,4200
41,93.0,1,93.0,1,Put,4200
42,975.0,1,975.0,1,Underlying,4300
42,70.0,0,66.0,0,Call,4300
42,91.0,2,97.0,2,Put,4300
43,975.0,2,976.0,1,Underlying,4400
43,67.0,0,68.0,1,Call,4400
43,87.0,2,88.0,1,Put,4400
44,63.0,2,69.0,1,Call,4500
44,86.0,0,87.0,2,Put,4500
44,980.0,0,982.0,2,Underlying,4500
45,90.0,0,86.0,1,Put,4600
45,979.0,2,981.0,1,Underlying,4600
45,65.0,1,71.0,2,Call,4600
46,87.0,1,89.0,1,Put,4700
46,985.0,2,982.0,1,Underlying,4700
46,68.0,2,73.0,0,Call,4700
47,87.0,0,88.0,2,Put,4800
47,980.0,0,980.0,2,Underlying,4800
47,72.0,0,72.0,2,Call,4800
48,979.0,2,977.0,2,Underlying,4900
48,65.0,0,67.0,1,Call,4900
48,87.0,0,90.0,2,Put,4900
49,65.0,0,63.0,2,Call,5000
49,90.0,1,91.0,0,Put,5000
49,975.0,0,977.0,2,Underlying,5000
50,71.0,1,69.0,2,Call,5100
50,90.0,2,86.0,2,Put,5100
50,981.0,2,979.0,1,Underlying,5100
51,68.0,2,66.0,0,Call,5200
51,88.0,0,93.0,2,Put,5200
51,975.0,2,974.0,0,Underlying,5200
52,90.0,1,93.0,1,Put,5300
52,971.0,2,971.0,1,Underlying,5300
52,61.0,0,62.0,0,Call,5300
53,975.0,2,972.0,0,Underlying,5400
53,64.0,0,67.0,0,Call,5400
53,92.0,0,93.0,1,Put,5400
54,976.0,1,975.0,0,Underlying,5500
54,66.0,0,69.0,2,Call,5500
54,91.0,2,93.0,0,Put,5500
55,979.0,1,977.0,2,Underlying,5600
55,67.0,0,66.0,1,Call,5600
55,89.0,0,90.0,1,Put,5600
56,982.0,2,983.0,1,Underlying,5700
56,90.0,1,89.0,1,Put,5700
56,68.0,1,67.0,2,Call,5700
57,91.0,1,92.0,2,Put,5800
57,979.0,2,979.0,1,Underlying,5800
57,67.0,2,66.0,0,Call,5800
58,89.0,0,89.0,0,Put,5900
58,982.0,1,985.0,1,Underlying,5900
58,71.0,0,70.0,1,Call,5900
59,81.0,2,87.0,1,Put,6000
59,989.0,1,989.0,2,Underlying,6000
59,71.0,1,73.0,2,Call,6000
60,987.0,2,988.0,2,Underlying,6100
60,69.0,2,70.0,1,Call,6100
60,85.0,0,86.0,0,Put,6100
61,68.0,1,66.0,0,Call,6200
61,85.0,1,87.0,0,Put,6200
61,987.0,2,988.0,1,Underlying,6200
62,69.0,2,74.0,0,Call,6300
62,86.0,2,83.0,1,Put,6300
62,987.0,0,990.0,1,Underlying,6300
63,87.0,0,87.0,0,Put,6400
63,985.0,0,983.0,0,Underlying,6400
63,69.0,2,72.0,0,Call,6400
64,991.0,0,990.0,2,Underlying,6500
64,70.0,1,72.0,2,Call,6500
64,82.0,2,80.0,0,Put,6500
65,991.0,1,996.0,1,Underlying,6600
65,74.0,1,73.0,0,Call,6600
65,85.0,2,83.0,2,Put,6600
66,993.0,0,991.0,2,Underlying,6700
66,80.0,0,77.0,0,Call,6700
66,86.0,0,86.0,2,Put,6700
67,79.0,2,74.0,1,Call,6800
67,85.0,2,83.0,0,Put,6800
67,993.0,2,996.0,1,Underlying,6800
68,82.0,1,81.0,2,Put,6900
68,994.0,0,992.0,2,Underlying,6900
68,79.0,0,80.0,2,Call,6900
69,87.0,0,86.0,0,Put,7000
69,993.0,0,989.0,0,Underlying,7000
69,77.0,0,75.0,0,Call,7000
70,83.0,1,88.0,2,Put,7100
70,990.0,2,991.0,2,Underlying,7100
70,78.0,0,77.0,0,Call,7100
71,88.0,1,87.0,2,Put,7200
71,75.0,2,74.0,1,Call,7200
71,988.0,2,986.0,1,Underlying,7200
72,79.0,2,77.0,1,Call,7300
72,84.0,2,89.0,1,Put,7300
72,989.0,0,990.0,1,Underlying,7300
73,76.0,2,73.0,2,Call,7400
73,87.0,2,86.0,0,Put,7400
73,986.0,0,990.0,2,Underlying,7400
74,74.0,2,72.0,2,Call,7500
74,84.0,0,85.0,0,Put,7500
74,987.0,0,988.0,2,Underlying,7500
75,88.0,1,86.0,2,Put,7600
75,985.0,2,986.0,1,Underlying,7600
75,74.0,0,71.0,1,Call,7600
76,985.0,0,987.0,1,Underlying,7700
76,69.0,2,72.0,0,Call,7700
76,86.0,1,85.0,0,Put,7700
77,980.0,1,981.0,0,Underlying,7800
77,73.0,1,70.0,2,Call,7800
77,84.0,2,87.0,2,Put,7800
78,979.0,0,982.0,0,Underlying,7900
78,67.0,0,70.0,2,Call,7900
78,95.0,0,91.0,0,Put,7900
79,74.0,0,72.0,1,Call,8000
79,89.0,1,89.0,0,Put,8000
79,982.0,0,986.0,2,Underlying,8000
80,89.0,2,91.0,1,Put,8100
80,979.0,0,982.0,2,Underlying,8100
80,72.0,1,76.0,1,Call,8100
81,87.0,1,86.0,0,Put,8200
81,983.0,2,978.0,1,Underlying,8200
81,75.0,0,72.0,0,Call,8200
82,88.0,2,92.0,0,Put,8300
82,975.0,1,978.0,2,Underlying,8300
82,69.0,1,70.0,1,Call,8300
83,978.0,2,982.0,2,Underlying,8400
83,72.0,2,70.0,2,Call,8400
83,88.0,0,91.0,0,Put,8400
84,66.0,2,69.0,1,Call,8500
84,84.0,2,87.0,2,Put,8500
84,979.0,0,981.0,2,Underlying,8500
85,69.0,0,69.0,2,Call,8600
85,82.0,0,84.0,1,Put,8600
85,984.0,2,987.0,0,Underlying,8600
86,65.0,2,68.0,2,Call,8700
86,87.0,2,87.0,2,Put,8700
86,980.0,0,982.0,2,Underlying,8700
87,69.0,0,68.0,0,Call,8800
87,976.0,1,981.0,2,Underlying,8800
87,85.0,2,91.0,1,Put,8800
88,980.0,1,983.0,1,Underlying,8900
88,68.0,2,70.0,0,Call,8900
88,85.0,2,85.0,2,Put,8900
89,983.0,0,988.0,2,Underlying,9000
89,69.0,0,72.0,1,Call,9000
89,85.0,1,81.0,1,Put,9000
90,984.0,0,985.0,2,Underlying,9100
90,71.0,0,72.0,0,Call,9100
90,89.0,0,85.0,0,Put,9100
91,72.0,2,72.0,1,Call,9200
91,85.0,1,83.0,1,Put,9200
91,987.0,2,985.0,2,Underlying,9200
92,83.0,2,82.0,2,Put,9300
92,988.0,0,990.0,2,Underlying,9300
92,73.0,0,71.0,1,Call,9300
93,85.0,0,85.0,1,Put,9400
93,986.0,2,986.0,0,Underlying,9400
93,70.0,0,71.0,2,Call,9400
94,81.0,2,79.0,0,Put,9500
94,75.0,0,69.0,1,Call,9500
94,988.0,2,992.0,2,Underlying,9500
95,69.0,2,73.0,2,Call,9600
95,87.0,0,83.0,2,Put,9600
95,987.0,2,988.0,0,Underlying,9600
96,73.0,1,74.0,0,Call,9700
96,80.0,0,82.0,1,Put,9700
96,990.0,0,991.0,0,Underlying,9700
97,73.0,0,75.0,1,Call,9800
97,84.0,1,81.0,2,Put,9800
97,992.0,0,990.0,2,Underlying,9800
98,83.0,0,87.0,2,Put,9900
98,996.0,1,995.0,0,Underlying,9900
98,76.0,0,77.0,1,Call,9900
99,991.0,1,989.0,0,Underlying,10000
99,74.0,1,76.0,0,Call,10000
99,83.0,0,81.0,2,Put,10000
100,989.0,2,988.0,1,Underlying,10100
100,75.0,2,73.0,2,Call,10100
100,85.0,2,86.0,2,Put,10100
101,988.0,1,985.0,0,Underlying,10200
101,77.0,1,74.0,0,Call,10200
101,86.0,1,87.0,2,Put,10200
102,989.0,1,986.0,0,Underlying,10300
102,88.0,0,85.0,1,Put,10300
102,73.0,2,77.0,0,Call,10300
103,88.0,1,91.0,0,Put,10400
103,985.0,0,986.0,1,Underlying,10400
103,72.0,2,70.0,2,Call,10400
104,83.0,0,84.0,0,Put,10500
104,984.0,2,986.0,0,Underlying,10500
104,71.0,1,72.0,0,Call,10500
105,91.0,1,87.0,1,Put,10600
105,986.0,2,981.0,0,Underlying,10600
105,76.0,0,74.0,2,Call,10600
106,985.0,2,984.0,0,Underlying,10700
106,71.0,0,70.0,0,Call,10700
106,85.0,1,83.0,1,Put,10700
107,75.0,2,73.0,1,Call,10800
107,90.0,2,89.0,2,Put,10800
107,981.0,0,985.0,2,Underlying,10800
108,72.0,2,74.0,0,Call,10900
108,91.0,2,89.0,2,Put,10900
108,979.0,1,976.0,1,Underlying,10900
109,66.0,0,66.0,0,Call,11000
109,96.0,0,93.0,1,Put,11000
109,975.0,1,979.0,1,Underlying,11000
110,92.0,1,96.0,2,Put,11100
110,977.0,0,976.0,2,Underlying,11100
110,70.0,1,71.0,2,Call,11100
111,972.0,2,972.0,2,Underlying,11200
111,66.0,0,68.0,1,Call,11200
111,94.0,2,93.0,0,Put,11200
112,977.0,2,978.0,0,Underlying,11300
112,72.0,0,72.0,1,Call,11300
112,90.0,2,91.0,2,Put,11300
113,977.0,0,977.0,1,Underlying,11400
113,68.0,0,72.0,2,Call,11400
113,93.0,0,92.0,1,Put,11400
114,66.0,1,66.0,1,Call,11500
114,93.0,0,98.0,2,Put,11500
114,977.0,1,975.0,2,Underlying,11500
115,91.0,0,92.0,0,Put,11600
115,982.0,1,981.0,0,Underlying,11600
115,67.0,0,70.0,2,Call,11600
116,91.0,0,91.0,1,Put,11700
116,986.0,0,983.0,1,Underlying,11700
116,78.0,2,77.0,1,Call,11700
117,87.0,0,88.0,0,Put,11800
117,986.0,1,985.0,1,Underlying,11800
117,73.0,2,73.0,0,Call,11800
118,90.0,1,93.0,2,Put,11900
118,72.0,0,71.0,1,Call,11900
118,985.0,0,985.0,1,Underlying,11900
119,75.0,0,76.0,0,Call,12000
119,93.0,1,94.0,1,Put,12000
119,984.0,1,982.0,0,Underlying,12000
120,72.0,2,69.0,0,Call,12100
120,96.0,2,95.0,2,Put,12100
120,979.0,2,980.0,1,Underlying,12100
121,70.0,1,67.0,1,Call,12200
121,95.0,0,94.0,2,Put,12200
121,975.0,0,979.0,0,Underlying,12200
122,95.0,0,92.0,1,Put,12300
122,974.0,2,976.0,2,Underlying,12300
122,64.0,0,66.0,0,Call,12300
123,975.0,1,975.0,0,Underlying,12400
123,68.0,2,64.0,1,Call,12400
123,91.0,2,90.0,1,Put,12400
124,981.0,2,979.0,2,Underlying,12500
124,72.0,1,74.0,1,Call,12500
124,90.0,2,92.0,2,Put,12500
125,978.0,2,974.0,2,Underlying,12600
125,91.0,1,88.0,1,Put,12600
125,65.0,2,70.0,2,Call,12600
126,94.0,0,91.0,1,Put,12700
126,982.0,2,978.0,1,Underlying,12700
126,72.0,0,70.0,2,Call,12700
127,98.0,2,93.0,1,Put,12800
127,973.0,0,977.0,1,Underlying,12800
127,66.0,2,68.0,1,Call,12800
128,93.0,0,95.0,2,Put,12900
128,970.0,0,969.0,1,Underlying,12900
128,67.0,0,62.0,0,Call,12900
129,971.0,1,966.0,0,Underlying,13000
129,66.0,1,63.0,0,Call,13000
129,97.0,0,98.0,1,Put,13000
130,64.0,2,66.0,2,Call,13100
130,95.0,0,92.0,0,Put,13100
130,969.0,1,970.0,1,Underlying,13100
131,67.0,1,67.0,0,Call,13200
131,91.0,1,95.0,1,Put,13200
131,968.0,2,973.0,2,Underlying,13200
132,68.0,1,66.0,2,Call,13300
132,98.0,0,95.0,1,Put,13300
132,971.0,1,974.0,0,Underlying,13300
133,65.0,1,67.0,1,Call,13400
133,975.0,0,971.0,2,Underlying,13400
133,91.0,2,94.0,1,Put,13400
134,972.0,1,968.0,2,Underlying,13500
134,63.0,0,64.0,1,Call,13500
134,99.0,0,98.0,2,Put,13500
135,963.0,1,965.0,1,Underlying,13600
135,63.0,1,62.0,0,Call,13600
135,97.0,2,97.0,2,Put,13600
136,967.0,2,967.0,2,Underlying,13700
136,65.0,0,64.0,2,Call,13700
136,93.0,0,94.0,1,Put,13700
137,61.0,0,63.0,0,Call,13800
137,95.0,1,98.0,0,Put,13800
137,968.0,0,970.0,0,Underlying,13800
138,93.0,1,92.0,1,Put,13900
138,971.0,2,971.0,1,Underlying,13900
138,69.0,2,65.0,1,Call,13900
139,95.0,2,95.0,1,Put,14000
139,968.0,2,970.0,0,Underlying,14000
139,62.0,2,59.0,0,Call,14000
140,94.0,2,92.0,0,Put,14100
140,972.0,0,970.0,0,Underlying,14100
140,66.0,2,68.0,1,Call,14100
141,972.0,0,975.0,2,Underlying,14200
141,68.0,2,68.0,1,Call,14200
141,92.0,2,93.0,0,Put,14200
142,67.0,2,68.0,1,Call,14300
142,90.0,0,93.0,0,Put,14300
142,977.0,1,978.0,1,Underlying,14300
143,66.0,2,66.0,2,Call,14400
143,90.0,0,90.0,1,Put,14400
143,978.0,1,974.0,0,Underlying,14400
144,66.0,2,61.0,2,Call,14500
144,90.0,0,85.0,2,Put,14500
144,978.0,2,975.0,0,Underlying,14500
145,84.0,1,84.0,1,Put,14600
145,979.0,0,980.0,1,Underlying,14600
145,65.0,1,64.0,0,Call,14600
146,974.0,1,980.0,0,Underlying,14700
146,64.0,0,62.0,0,Call,14700
146,89.0,2,85.0,2,Put,14700
147,970.0,2,973.0,0,Underlying,14800
147,67.0,0,64.0,1,Call,14800
147,91.0,0,87.0,0,Put,14800
148,968.0,0,970.0,0,Underlying,14900
148,65.0,1,60.0,0,Call,14900
148,92.0,2,93.0,0,Put,14900
149,968.0,1,967.0,0,Underlying,15000
149,94.0,2,96.0,0,Put,15000
149,59.0,1,59.0,1,Call,15000
150,90.0,1,93.0,2,Put,15100
150,965.0,1,967.0,0,Underlying,15100
150,61.0,2,63.0,2,Call,15100
151,93.0,1,92.0,2,Put,15200
151,967.0,2,966.0,0,Underlying,15200
151,59.0,0,58.0,2,Call,15200
152,97.0,1,97.0,1,Put,15300
152,960.0,2,965.0,2,Underlying,15300
152,60.0,1,59.0,1,Call,15300
153,959.0,1,957.0,2,Underlying,15400
153,59.0,0,59.0,1,Call,15400
153,94.0,0,98.0,0,Put,15400
154,57.0,1,55.0,1,Call,15500
154,96.0,1,93.0,1,Put,15500
154,961.0,0,957.0,2,Underlying,15500
155,55.0,2,57.0,1,Call,15600
155,93.0,2,92.0,2,Put,15600
155,965.0,1,963.0,1,Underlying,15600
156,59.0,0,56.0,1,Call,15700
156,100.0,2,97.0,2,Put,15700
156,960.0,1,961.0,1,Underlying,15700
157,62.0,2,62.0,0,Call,15800
157,967.0,2,961.0,2,Underlying,15800
157,97.0,2,93.0,2,Put,15800
158,965.0,1,963.0,2,Underlying,15900
158,56.0,0,58.0,0,Call,15900
158,91.0,2,93.0,1,Put,15900
159,963.0,1,966.0,2,Underlying,16000
159,59.0,2,58.0,0,Call,16000
159,91.0,0,92.0,0,Put,16000
160,963.0,2,962.0,2,Underlying,16100
160,60.0,0,62.0,1,Call,16100
160,95.0,0,95.0,1,Put,16100
161,56.0,1,57.0,2,Call,16200
161,95.0,1,97.0,1,Put,16200
161,962.0,2,966.0,0,Underlying,16200
162,97.0,1,101.0,0,Put,16300
162,960.0,1,962.0,0,Underlying,16300
162,56.0,0,62.0,0,Call,16300
163,96.0,1,99.0,1,Put,16400
163,957.0,1,961.0,1,Underlying,16400
163,55.0,1,55.0,1,Call,16400
164,94.0,1,91.0,1,Put,16500
164,963.0,2,963.0,2,Underlying,16500
164,56.0,0,56.0,2,Call,16500
165,92.0,0,92.0,2,Put,16600
165,56.0,1,55.0,1,Call,16600
165,963.0,0,966.0,2,Underlying,16600
166,54.0,1,55.0,0,Call,16700
166,93.0,2,96.0,2,Put,16700
166,957.0,2,961.0,0,Underlying,16700
167,57.0,0,55.0,0,Call,16800
167,94.0,2,95.0,1,Put,16800
167,962.0,1,958.0,1,Underlying,16800
168,57.0,2,53.0,0,Call,16900
168,91.0,0,94.0,0,Put,16900
168,963.0,2,961.0,2,Underlying,16900
169,98.0,0,95.0,0,Put,17000
169,962.0,1,961.0,1,Underlying,17000
169,53.0,1,55.0,0,Call,17000
170,961.0,0,958.0,2,Underlying,17100
170,54.0,1,56.0,2,Call,17100
170,92.0,2,96.0,0,Put,17100
171,957.0,0,958.0,2,Underlying,17200
171,55.0,1,57.0,1,Call,17200
171,99.0,0,98.0,1,Put,17200
172,963.0,1,959.0,2,Underlying,17300
172,56.0,1,56.0,1,Call,17300
172,93.0,1,96.0,1,Put,17300
173,52.0,1,57.0,1,Call,17400
173,95.0,2,96.0,2,Put,17400
173,961.0,0,965.0,0,Underlying,17400
174,95.0,1,98.0,1,Put,17500
174,960.0,0,959.0,0,Underlying,17500
174,53.0,1,56.0,1,Call,17500
175,99.0,1,94.0,1,Put,17600
175,956.0,1,953.0,1,Underlying,17600
175,52.0,1,53.0,0,Call,17600
176,97.0,0,99.0,1,Put,17700
176,957.0,2,957.0,0,Underlying,17700
176,55.0,2,54.0,1,Call,17700
177,957.0,1,957.0,0,Underlying,17800
177,52.0,0,52.0,0,Call,17800
177,96.0,1,96.0,1,Put,17800
178,51.0,1,49.0,2,Call,17900
178,99.0,1,97.0,1,Put,17900
178,956.0,2,955.0,1,Underlying,17900
179,54.0,2,54.0,1,Call,18000
179,96.0,2,99.0,2,Put,18000
179,955.0,0,955.0,0,Underlying,18000
180,50.0,2,51.0,0,Call,18100
180,100.0,1,98.0,0,Put,18100
180,950.0,1,950.0,1,Underlying,18100
181,52.0,2,50.0,2,Call,18200
181,950.0,0,948.0,2,Underlying,18200
181,101.0,2,102.0,2,Put,18200
182,946.0,1,942.0,0,Underlying,18300
182,48.0,1,53.0,2,Call,18300
182,107.0,2,106.0,1,Put,18300
183,940.0,1,943.0,1,Underlying,18400
183,46.0,0,47.0,1,Call,18400
183,109.0,0,107.0,0,Put,18400
184,942.0,1,939.0,1,Underlying,18500
184,45.0,2,48.0,1,Call,18500
184,111.0,2,111.0,1,Put,18500
185,51.0,0,54.0,0,Call,18600
185,105.0,0,111.0,2,Put,18600
185,938.0,1,943.0,2,Underlying,18600
186,106.0,0,103.0,2,Put,18700
186,941.0,0,943.0,1,Underlying,18700
186,47.0,2,50.0,2,Call,18700
187,107.0,2,109.0,1,Put,18800
187,940.0,1,942.0,0,Underlying,18800
187,54.0,1,52.0,0,Call,18800
188,936.0,0,941.0,0,Underlying,18900
188,47.0,0,53.0,0,Call,18900
188,108.0,2,108.0,0,Put,18900
189,49.0,1,44.0,1,Call,19000
189,113.0,0,110.0,1,Put,19000
189,933.0,0,936.0,0,Underlying,19000
190,46.0,1,43.0,0,Call,19100
190,116.0,2,113.0,2,Put,19100
190,931.0,0,930.0,2,Underlying,19100
191,43.0,1,40.0,0,Call,19200
191,108.0,1,109.0,2,Put,19200
191,934.0,1,934.0,2,Underlying,19200
192,110.0,2,110.0,1,Put,19300
192,935.0,2,934.0,0,Underlying,19300
192,42.0,1,47.0,0,Call,19300
193,931.0,2,930.0,0,Underlying,19400
193,44.0,1,45.0,0,Call,19400
193,117.0,2,111.0,2,Put,19400
194,933.0,2,932.0,0,Underlying,19500
194,42.0,0,39.0,2,Call,19500
194,113.0,0,110.0,2,Put,19500
195,925.0,1,929.0,2,Underlying,19600
195,43.0,2,40.0,1,Call,19600
195,115.0,1,114.0,2,Put,19600
196,934.0,1,934.0,2,Underlying,19700
196,111.0,2,107.0,0,Put,19700
196,44.0,2,47.0,2,Call,19700
197,107.0,0,106.0,2,Put,19800
197,935.0,2,935.0,1,Underlying,19800
197,45.0,1,44.0,1,Call,19800
198,115.0,2,110.0,1,Put,19900
198,934.0,0,931.0,2,Underlying,19900
198,44.0,0,39.0,1,Call,19900
199,115.0,0,114.0,2,Put,20000
199,928.0,0,929.0,1,Underlying,20000
199,43.0,2,43.0,1,Call,20000
200,929.0,1,927.0,1,Underlying,20100
200,46.0,1,41.0,1,Call,20100
200,115.0,0,114.0,1,Put,20100
201,46.0,2,44.0,0,Call,20200
201,120.0,1,122.0,0,Put,20200
201,923.0,1,920.0,0,Underlying,20200
202,44.0,2,43.0,1,Call,20300
202,124.0,2,119.0,1,Put,20300
202,919.0,2,918.0,2,Underlying,20300
203,40.0,2,40.0,0,Call,20400
203,126.0,1,123.0,0,Put,20400
203,916.0,0,913.0,2,Underlying,20400
204,127.0,1,123.0,2,Put,20500
204,915.0,1,916.0,2,Underlying,20500
204,44.0,0,45.0,0,Call,20500
205,919.0,0,922.0,1,Underlying,20600
205,43.0,2,44.0,0,Call,20600
205,123.0,1,123.0,2,Put,20600
206,926.0,1,921.0,1,Underlying,20700
206,44.0,1,44.0,2,Call,20700
206,125.0,0,124.0,2,Put,20700
207,927.0,1,928.0,1,Underlying,20800
207,46.0,0,43.0,2,Call,20800
207,117.0,2,116.0,2,Put,20800
208,47.0,2,42.0,1,Call,20900
208,118.0,2,122.0,0,Put,20900
208,930.0,0,931.0,1,Underlying,20900
209,110.0,2,109.0,0,Put,21000
209,933.0,1,934.0,2,Underlying,21000
209,50.0,0,49.0,1,Call,21000
210,113.0,1,113.0,0,Put,21100
210,938.0,0,937.0,2,Underlying,21100
210,48.0,1,48.0,0,Call,21100
211,107.0,1,106.0,1,Put,21200
211,941.0,0,945.0,2,Underlying,21200
211,54.0,2,50.0,2,Call,21200
212,108.0,0,108.0,2,Put,21300
212,52.0,2,52.0,0,Call,21300
212,945.0,0,940.0,0,Underlying,21300
213,54.0,1,54.0,1,Call,21400
213,110.0,0,109.0,1,Put,21400
213,944.0,2,948.0,1,Underlying,21400
214,51.0,1,52.0,0,Call,21500
214,110.0,2,107.0,1,Put,21500
214,941.0,0,942.0,2,Underlying,21500
215,57.0,0,55.0,0,Call,21600
215,112.0,2,112.0,0,Put,21600
215,945.0,1,947.0,2,Underlying,21600
216,112.0,1,112.0,1,Put,21700
216,945.0,0,945.0,0,Underlying,21700
216,53.0,0,55.0,2,Call,21700
217,945.0,2,945.0,0,Underlying,21800
217,55.0,2,53.0,0,Call,21800
217,110.0,0,110.0,1,Put,21800
218,949.0,1,950.0,2,Underlying,21900
218,54.0,2,59.0,2,Call,21900
218,108.0,1,109.0,2,Put,21900
219,946.0,0,949.0,2,Underlying,22000
219,107.0,2,108.0,0,Put,22000
219,59.0,0,56.0,0,Call,22000
220,109.0,0,113.0,1,Put,22100
220,948.0,1,945.0,2,Underlying,22100
220,63.0,0,58.0,1,Call,22100
221,110.0,1,114.0,1,Put,22200
221,947.0,1,946.0,2,Underlying,22200
221,56.0,2,54.0,0,Call,22200
222,115.0,2,114.0,0,Put,22300
222,938.0,1,943.0,0,Underlying,22300
222,49.0,2,53.0,2,Call,22300
223,937.0,0,937.0,0,Underlying,22400
223,55.0,0,50.0,0,Call,22400
223,115.0,0,115.0,0,Put,22400
224,53.0,0,52.0,1,Call,22500
224,112.0,0,114.0,1,Put,22500
224,937.0,0,937.0,1,Underlying,22500
225,56.0,2,58.0,2,Call,22600
225,115.0,0,112.0,2,Put,22600
225,944.0,2,945.0,2,Underlying,22600
226,49.0,0,54.0,1,Call,22700
226,110.0,2,115.0,1,Put,22700
226,943.0,2,941.0,2,Underlying,22700
227,57.0,0,55.0,1,Call,22800
227,945.0,1,944.0,1,Underlying,22800
227,106.0,2,111.0,2,Put,22800
228,947.0,0,947.0,0,Underlying,22900
228,55.0,2,55.0,0,Call,22900
228,106.0,0,109.0,1,Put,22900
229,951.0,1,950.0,2,Underlying,23000
229,57.0,0,58.0,1,Call,23000
229,103.0,2,107.0,1,Put,23000
230,955.0,0,952.0,2,Underlying,23100
230,55.0,0,57.0,0,Call,23100
230,106.0,2,108.0,1,Put,23100
231,64.0,1,60.0,0,Call,23200
231,104.0,1,102.0,0,Put,23200
231,957.0,2,956.0,0,Underlying,23200
232,100.0,0,102.0,2,Put,23300
232,958.0,1,957.0,0,Underlying,23300
232,64.0,2,60.0,2,Call,23300
233,107.0,2,104.0,0,Put,23400
233,958.0,2,957.0,0,Underlying,23400
233,60.0,0,58.0,2,Call,23400
234,106.0,0,103.0,0,Put,23500
234,955.0,2,954.0,0,Underlying,23500
234,61.0,2,58.0,1,Call,23500
235,956.0,0,955.0,0,Underlying,23600
235,61.0,1,60.0,0,Call,23600
235,106.0,1,102.0,0,Put,23600
236,62.0,2,58.0,2,Call,23700
236,107.0,2,104.0,2,Put,23700
236,953.0,1,953.0,1,Underlying,23700
237,61.0,0,60.0,2,Call,23800
237,109.0,0,106.0,1,Put,23800
237,955.0,2,953.0,0,Underlying,23800
238,56.0,2,59.0,1,Call,23900
238,101.0,2,105.0,2,Put,23900
238,952.0,2,948.0,2,Underlying,23900
239,105.0,1,105.0,1,Put,24000
239,954.0,1,955.0,2,Underlying,24000
239,57.0,2,58.0,0,Call,24000
240,951.0,0,952.0,2,Underlying,24100
240,56.0,2,57.0,1,Call,24100
240,111.0,1,105.0,0,Put,24100
241,956.0,2,955.0,2,Underlying,24200
241,57.0,2,62.0,0,Call,24200
241,103.0,2,102.0,1,Put,24200
242,950.0,0,955.0,1,Underlying,24300
242,55.0,0,56.0,0,Call,24300
242,106.0,2,102.0,2,Put,24300
243,953.0,1,954.0,1,Underlying,24400
243,106.0,0,107.0,2,Put,24400
243,61.0,0,57.0,2,Call,24400
244,106.0,1,110.0,0,Put,24500
244,952.0,1,951.0,0,Underlying,24500
244,54.0,0,58.0,0,Call,24500
245,106.0,1,107.0,2,Put,24600
245,953.0,0,951.0,2,Underlying,24600
245,57.0,0,57.0,2,Call,24600
246,108.0,0,108.0,1,Put,24700
246,950.0,0,951.0,2,Underlying,24700
246,53.0,2,54.0,1,Call,24700
247,951.0,2,950.0,0,Underlying,24800
247,58.0,1,53.0,0,Call,24800
247,102.0,2,103.0,0,Put,24800
248,58.0,2,60.0,2,Call,24900
248,105.0,0,108.0,2,Put,24900
248,951.0,0,949.0,2,Underlying,24900
249,56.0,1,59.0,2,Call,25000
249,111.0,0,109.0,2,Put,25000
249,945.0,1,947.0,0,Underlying,25000
250,108.0,1,112.0,0,Put,25100
250,944.0,2,944.0,0,Underlying,25100
250,56.0,2,58.0,0,Call,25100
251,938.0,0,941.0,2,Underlying,25200
251,50.0,2,54.0,1,Call,25200
251,114.0,0,114.0,2,Put,25200
252,943.0,1,946.0,2,Underlying,25300
252,54.0,2,52.0,0,Call,25300
252,109.0,1,108.0,1,Put,25300
253,939.0,2,940.0,0,Underlying,25400
253,56.0,1,54.0,2,Call,25400
253,117.0,0,115.0,2,Put,25400
254,51.0,0,52.0,0,Call,25500
254,114.0,1,113.0,0,Put,25500
254,940.0,2,941.0,2,Underlying,25500
255,115.0,0,111.0,2,Put,25600
255,937.0,2,941.0,0,Underlying,25600
255,56.0,2,52.0,2,Call,25600
256,117.0,1,119.0,0,Put,25700
256,934.0,0,936.0,0,Underlying,25700
256,51.0,2,55.0,0,Call,25700
257,120.0,2,118.0,2,Put,25800
257,934.0,0,933.0,1,Underlying,25800
257,56.0,2,53.0,2,Call,25800
258,122.0,1,116.0,0,Put,25900
258,55.0,2,54.0,1,Call,25900
258,939.0,0,934.0,1,Underlying,25900
259,56.0,0,54.0,0,Call,26000
259,117.0,0,116.0,0,Put,26000
259,933.0,2,935.0,1,Underlying,26000
260,48.0,1,52.0,0,Call,26100
260,121.0,2,117.0,2,Put,26100
260,934.0,2,933.0,0,Underlying,26100
261,53.0,0,52.0,1,Call,26200
261,118.0,0,117.0,1,Put,26200
261,936.0,2,938.0,0,Underlying,26200
262,120.0,0,117.0,2,Put,26300
262,937.0,0,938.0,2,Underlying,26300
262,55.0,1,52.0,0,Call,26300
263,942.0,1,939.0,1,Underlying,26400
263,54.0,2,55.0,0,Call,26400
263,117.0,0,116.0,2,Put,26400
264,943.0,1,942.0,2,Underlying,26500
264,56.0,2,59.0,1,Call,26500
264,114.0,1,112.0,1,Put,26500
265,939.0,0,940.0,1,Underlying,26600
265,54.0,0,51.0,1,Call,26600
265,115.0,2,115.0,2,Put,26600
266,49.0,1,52.0,2,Call,26700
266,118.0,0,112.0,2,Put,26700
266,937.0,0,935.0,2,Underlying,26700
267,117.0,2,123.0,2,Put,26800
267,935.0,1,930.0,0,Underlying,26800
267,51.0,2,51.0,1,Call,26800
268,117.0,1,118.0,0,Put,26900
268,933.0,1,931.0,1,Underlying,26900
268,50.0,1,51.0,2,Call,26900
269,113.0,0,112.0,2,Put,27000
269,936.0,2,940.0,2,Underlying,27000
269,50.0,1,55.0,1,Call,27000
270,930.0,0,936.0,1,Underlying,27100
270,52.0,0,49.0,1,Call,27100
270,116.0,0,112.0,0,Put,27100
271,47.0,1,50.0,0,Call,27200
271,111.0,1,113.0,1,Put,27200
271,937.0,1,940.0,0,Underlying,27200
272,51.0,1,55.0,0,Call,27300
272,113.0,1,111.0,2,Put,27300
272,936.0,2,938.0,2,Underlying,27300
273,53.0,2,48.0,1,Call,27400
273,119.0,1,116.0,2,Put,27400
273,931.0,0,934.0,2,Underlying,27400
274,50.0,2,53.0,0,Call,27500
274,933.0,1,933.0,1,Underlying,27500
274,121.0,2,119.0,2,Put,27500
275,934.0,0,935.0,1,Underlying,27600
275,51.0,2,53.0,1,Call,27600
275,119.0,0,115.0,0,Put,27600
276,928.0,1,934.0,2,Underlying,27700
276,51.0,1,53.0,0,Call,27700
276,114.0,2,115.0,2,Put,27700
277,923.0,0,928.0,0,Underlying,27800
277,48.0,2,44.0,2,Call,27800
277,120.0,1,120.0,2,Put,27800
278,41.0,1,45.0,0,Call,27900
278,117.0,0,118.0,0,Put,27900
278,926.0,1,923.0,2,Underlying,27900
279,121.0,0,119.0,2,Put,28000
279,924.0,1,926.0,1,Underlying,28000
279,49.0,0,48.0,1,Call,28000
280,124.0,1,121.0,2,Put,28100
280,927.0,1,924.0,0,Underlying,28100
280,49.0,0,47.0,0,Call,28100
281,122.0,1,117.0,2,Put,28200
281,926.0,2,928.0,2,Underlying,28200
281,45.0,2,44.0,1,Call,28200
282,120.0,2,120.0,2,Put,28300
282,45.0,1,45.0,1,Call,28300
282,927.0,0,930.0,2,Underlying,28300
283,46.0,0,49.0,2,Call,28400
283,115.0,0,114.0,0,Put,28400
283,928.0,1,932.0,2,Underlying,28400
284,47.0,0,46.0,0,Call,28500
284,120.0,0,115.0,2,Put,28500
284,924.0,0,923.0,1,Underlying,28500
285,44.0,1,48.0,0,Call,28600
285,119.0,2,118.0,1,Put,28600
285,925.0,1,927.0,2,Underlying,28600
286,115.0,0,119.0,1,Put,28700
286,926.0,1,928.0,1,Underlying,28700
286,44.0,2,45.0,0,Call,28700
287,924.0,0,925.0,1,Underlying,28800
287,44.0,0,43.0,0,Call,28800
287,120.0,0,122.0,0,Put,28800
288,927.0,2,923.0,2,Underlying,28900
288,43.0,0,42.0,1,Call,28900
288,117.0,2,120.0,1,Put,28900
289,930.0,2,930.0,2,Underlying,29000
289,47.0,0,50.0,2,Call,29000
289,117.0,0,114.0,0,Put,29000
290,926.0,1,926.0,2,Underlying,29100
290,117.0,0,115.0,1,Put,29100
290,47.0,0,46.0,2,Call,29100
291,117.0,1,120.0,2,Put,29200
291,928.0,2,927.0,0,Underlying,29200
291,50.0,1,46.0,2,Call,29200
292,125.0,0,122.0,2,Put,29300
292,927.0,1,927.0,2,Underlying,29300
292,47.0,1,50.0,1,Call,29300
293,121.0,2,117.0,1,Put,29400
293,929.0,0,928.0,0,Underlying,29400
293,47.0,0,45.0,0,Call,29400
294,925.0,2,923.0,0,Underlying,29500
294,47.0,1,43.0,0,Call,29500
294,120.0,2,118.0,0,Put,29500
295,48.0,0,48.0,2,Call,29600
295,120.0,1,118.0,1,Put,29600
295,929.0,1,929.0,2,Underlying,29600
296,49.0,0,49.0,0,Call,29700
296,118.0,2,114.0,1,Put,29700
296,931.0,2,931.0,1,Underlying,29700
297,51.0,0,48.0,0,Call,29800
297,117.0,0,118.0,2,Put,29800
297,935.0,2,935.0,2,Underlying,29800
298,118.0,0,119.0,2,Put,29900
298,931.0,0,932.0,0,Underlying,29900
298,53.0,2,49.0,1,Call,29900
299,935.0,1,933.0,1,Underlying,30000
299,52.0,1,52.0,1,Call,30000
299,118.0,0,115.0,1,Put,30000
300,937.0,1,935.0,0,Underlying,30100
300,51.0,1,52.0,2,Call,30100
300,117.0,0,116.0,0,Put,30100
301,937.0,1,937.0,1,Underlying,30200
301,52.0,1,52.0,1,Call,30200
301,115.0,2,119.0,0,Put,30200
302,49.0,0,48.0,0,Call,30300
302,115.0,1,114.0,0,Put,30300
302,934.0,0,933.0,2,Underlying,30300
303,114.0,2,119.0,1,Put,30400
303,931.0,1,933.0,1,Underlying,30400
303,53.0,1,50.0,1,Call,30400
304,122.0,2,117.0,1,Put,30500
304,934.0,2,933.0,1,Underlying,30500
304,51.0,1,52.0,2,Call,30500
305,119.0,0,120.0,1,Put,30600
305,932.0,0,927.0,2,Underlying,30600
305,50.0,0,47.0,0,Call,30600
306,116.0,2,119.0,2,Put,30700
306,50.0,2,53.0,0,Call,30700
306,935.0,0,932.0,2,Underlying,30700
307,51.0,2,51.0,1,Call,30800
307,116.0,0,115.0,0,Put,30800
307,938.0,1,936.0,0,Underlying,30800
308,56.0,2,57.0,2,Call,30900
308,113.0,2,114.0,0,Put,30900
308,942.0,1,943.0,2,Underlying,30900
309,56.0,2,57.0,0,Call,31000
309,111.0,0,111.0,0,Put,31000
309,945.0,0,948.0,1,Underlying,31000
310,110.0,0,110.0,2,Put,31100
310,940.0,0,943.0,1,Underlying,31100
310,49.0,2,55.0,0,Call,31100
311,939.0,1,943.0,1,Underlying,31200
311,57.0,2,56.0,2,Call,31200
311,116.0,2,112.0,1,Put,31200
312,942.0,0,943.0,0,Underlying,31300
312,55.0,2,53.0,1,Call,31300
312,111.0,0,108.0,0,Put,31300
313,52.0,1,52.0,0,Call,31400
313,110.0,2,111.0,0,Put,31400
313,942.0,0,938.0,2,Underlying,31400
314,115.0,1,114.0,0,Put,31500
314,936.0,1,934.0,1,Underlying,31500
314,48.0,1,44.0,2,Call,31500
315,109.0,0,109.0,2,Put,31600
315,937.0,0,939.0,0,Underlying,31600
315,48.0,0,48.0,2,Call,31600
316,111.0,2,111.0,1,Put,31700
316,940.0,0,937.0,0,Underlying,31700
316,47.0,2,50.0,2,Call,31700
317,939.0,1,939.0,0,Underlying,31800
317,46.0,0,49.0,1,Call,31800
317,108.0,0,108.0,2,Put,31800
318,49.0,0,50.0,1,Call,31900
318,115.0,1,109.0,0,Put,31900
318,936.0,2,937.0,1,Underlying,31900
319,54.0,1,48.0,0,Call,32000
319,111.0,0,111.0,0,Put,32000
319,940.0,0,937.0,2,Underlying,32000
320,48.0,1,53.0,0,Call,32100
320,110.0,1,114.0,1,Put,32100
320,936.0,0,939.0,0,Underlying,32100
321,53.0,1,52.0,2,Call,32200
321,941.0,0,943.0,0,Underlying,32200
321,113.0,0,111.0,2,Put,32200
322,945.0,1,944.0,2,Underlying,32300
322,55.0,0,56.0,0,Call,32300
322,109.0,0,112.0,1,Put,32300
323,949.0,2,947.0,2,Underlying,32400
323,58.0,0,55.0,1,Call,32400
323,103.0,2,106.0,0,Put,32400
324,945.0,2,946.0,1,Underlying,32500
324,57.0,1,54.0,1,Call,32500
324,115.0,1,112.0,2,Put,32500
325,55.0,1,53.0,2,Call,32600
325,111.0,1,110.0,2,Put,32600
325,942.0,1,946.0,2,Underlying,32600
326,109.0,2,109.0,0,Put,32700
326,948.0,1,948.0,0,Underlying,32700
326,57.0,0,55.0,1,Call,32700
327,106.0,1,109.0,2,Put,32800
327,946.0,1,947.0,2,Underlying,32800
327,54.0,0,55.0,2,Call,32800
328,105.0,2,106.0,2,Put,32900
328,948.0,2,950.0,2,Underlying,32900
328,53.0,1,58.0,1,Call,32900
329,946.0,1,950.0,1,Underlying,33000
329,51.0,1,52.0,2,Call,33000
329,105.0,0,102.0,0,Put,33000
330,54.0,2,52.0,0,Call,33100
330,104.0,1,108.0,0,Put,33100
330,946.0,2,942.0,2,Underlying,33100
331,50.0,1,52.0,2,Call,33200
331,113.0,2,108.0,2,Put,33200
331,941.0,0,941.0,2,Underlying,33200
332,52.0,0,46.0,2,Call,33300
332,112.0,0,113.0,0,Put,33300
332,938.0,0,934.0,2,Underlying,33300
333,111.0,2,112.0,1,Put,33400
333,939.0,0,934.0,1,Underlying,33400
333,50.0,1,48.0,2,Call,33400
334,930.0,1,929.0,1,Underlying,33500
334,51.0,0,46.0,0,Call,33500
334,115.0,2,114.0,1,Put,33500
335,927.0,2,923.0,1,Underlying,33600
335,45.0,1,46.0,2,Call,33600
335,119.0,2,119.0,2,Put,33600
336,930.0,0,931.0,0,Underlying,33700
336,50.0,2,51.0,1,Call,33700
336,122.0,1,119.0,2,Put,33700
337,934.0,0,931.0,2,Underlying,33800
337,114.0,1,116.0,0,Put,33800
337,54.0,2,52.0,2,Call,33800
338,120.0,0,118.0,0,Put,33900
338,928.0,0,928.0,0,Underlying,33900
338,47.0,1,48.0,0,Call,33900
339,116.0,2,120.0,2,Put,34000
339,931.0,1,934.0,2,Underlying,34000
339,52.0,0,49.0,0,Call,34000
340,118.0,1,122.0,1,Put,34100
340,930.0,2,931.0,0,Underlying,34100
340,52.0,1,52.0,2,Call,34100
341,930.0,2,931.0,2,Underlying,34200
341,49.0,0,52.0,0,Call,34200
341,121.0,2,118.0,1,Put,34200
342,51.0,1,49.0,1,Call,34300
342,115.0,0,116.0,1,Put,34300
342,937.0,0,936.0,0,Underlying,34300
343,51.0,0,54.0,1,Call,34400
343,114.0,1,111.0,1,Put,34400
343,937.0,2,937.0,0,Underlying,34400
344,54.0,0,53.0,1,Call,34500
344,112.0,0,113.0,2,Put,34500
344,941.0,0,937.0,2,Underlying,34500
345,52.0,2,55.0,2,Call,34600
345,935.0,2,939.0,0,Underlying,34600
345,113.0,0,110.0,2,Put,34600
346,934.0,2,937.0,2,Underlying,34700
346,49.0,2,49.0,0,Call,34700
346,113.0,0,117.0,2,Put,34700
347,937.0,1,938.0,0,Underlying,34800
347,47.0,2,50.0,1,Call,34800
347,113.0,0,116.0,1,Put,34800
348,936.0,1,940.0,0,Underlying,34900
348,52.0,0,50.0,2,Call,34900
348,114.0,0,110.0,0,Put,34900
349,51.0,2,52.0,2,Call,35000
349,118.0,2,117.0,1,Put,35000
349,933.0,0,936.0,1,Underlying,35000
350,117.0,0,119.0,1,Put,35100
350,933.0,1,935.0,1,Underlying,35100
350,54.0,1,48.0,2,Call,35100
351,116.0,1,114.0,2,Put,35200
351,928.0,1,931.0,2,Underlying,35200
351,47.0,1,46.0,1,Call,35200
352,119.0,2,115.0,1,Put,35300
352,929.0,0,923.0,0,Underlying,35300
352,48.0,2,47.0,2,Call,35300
353,121.0,1,118.0,2,Put,35400
353,44.0,1,45.0,1,Call,35400
353,931.0,1,926.0,1,Underlying,35400
354,50.0,1,44.0,0,Call,35500
354,118.0,2,118.0,2,Put,35500
354,929.0,1,927.0,1,Underlying,35500
355,47.0,2,46.0,0,Call,35600
355,116.0,0,119.0,0,Put,35600
355,930.0,0,927.0,0,Underlying,35600
356,48.0,1,44.0,1,Call,35700
356,117.0,1,119.0,1,Put,35700
356,926.0,2,923.0,0,Underlying,35700
357,115.0,2,120.0,2,Put,35800
357,926.0,0,924.0,0,Underlying,35800
357,41.0,0,45.0,1,Call,35800
358,926.0,1,931.0,2,Underlying,35900
358,45.0,1,45.0,1,Call,35900
358,114.0,2,115.0,1,Put,35900
359,933.0,0,934.0,2,Underlying,36000
359,42.0,2,46.0,1,Call,36000
359,114.0,1,111.0,0,Put,36000
360,930.0,2,934.0,2,Underlying,36100
360,45.0,2,47.0,1,Call,36100
360,112.0,2,114.0,1,Put,36100
361,48.0,2,42.0,0,Call,36200
361,109.0,1,112.0,2,Put,36200
361,932.0,1,934.0,1,Underlying,36200
362,109.0,0,112.0,1,Put,36300
362,934.0,1,931.0,2,Underlying,36300
362,46.0,2,44.0,0,Call,36300
363,115.0,0,111.0,1,Put,36400
363,928.0,1,931.0,2,Underlying,36400
363,45.0,0,42.0,1,Call,36400
364,112.0,2,109.0,2,Put,36500
364,936.0,1,933.0,0,Underlying,36500
364,42.0,2,48.0,2,Call,36500
365,934.0,2,937.0,0,Underlying,36600
365,52.0,1,49.0,2,Call,36600
365,107.0,2,111.0,1,Put,36600
366,46.0,2,49.0,1,Call,36700
366,108.0,0,111.0,1,Put,36700
366,937.0,2,940.0,2,Underlying,36700
367,52.0,2,56.0,0,Call,36800
367,107.0,1,110.0,2,Put,36800
367,943.0,1,942.0,1,Underlying,36800
368,50.0,2,51.0,1,Call,36900
368,109.0,2,113.0,0,Put,36900
368,941.0,1,939.0,1,Underlying,36900
369,53.0,0,54.0,2,Call,37000
369,938.0,2,937.0,0,Underlying,37000
369,113.0,0,112.0,0,Put,37000
370,937.0,0,938.0,0,Underlying,37100
370,53.0,1,51.0,1,Call,37100
370,112.0,2,114.0,2,Put,37100
371,940.0,1,940.0,0,Underlying,37200
371,56.0,0,54.0,2,Call,37200
371,114.0,0,116.0,2,Put,37200
372,116.0,2,117.0,1,Put,37300
372,51.0,1,55.0,1,Call,37300
372,942.0,0,936.0,1,Underlying,37300
373,59.0,1,56.0,1,Call,37400
373,937.0,1,938.0,0,Underlying,37400
373,113.0,0,114.0,0,Put,37400
374,939.0,0,944.0,0,Underlying,37500
374,51.0,2,53.0,0,Call,37500
374,111.0,1,114.0,0,Put,37500
375,114.0,1,116.0,2,Put,37600
375,939.0,0,938.0,0,Underlying,37600
375,54.0,1,53.0,2,Call,37600
376,111.0,1,107.0,2,Put,37700
376,58.0,0,56.0,1,Call,37700
376,943.0,0,941.0,2,Underlying,37700
377,55.0,2,55.0,1,Call,37800
377,108.0,0,109.0,0,Put,37800
377,947.0,2,945.0,0,Underlying,37800
378,59.0,2,54.0,1,Call,37900
378,111.0,0,107.0,1,Put,37900
378,949.0,1,949.0,2,Underlying,37900
379,60.0,0,56.0,0,Call,38000
379,106.0,1,106.0,1,Put,38000
379,948.0,0,953.0,0,Underlying,38000
380,106.0,1,100.0,1,Put,38100
380,951.0,0,954.0,2,Underlying,38100
380,60.0,1,61.0,2,Call,38100
381,953.0,2,956.0,1,Underlying,38200
381,59.0,1,59.0,2,Call,38200
381,103.0,0,102.0,0,Put,38200
382,950.0,0,952.0,1,Underlying,38300
382,56.0,0,57.0,0,Call,38300
382,102.0,0,100.0,1,Put,38300
383,958.0,0,957.0,1,Underlying,38400
383,59.0,2,61.0,0,Call,38400
383,103.0,0,102.0,2,Put,38400
384,964.0,2,958.0,2,Underlying,38500
384,101.0,2,98.0,1,Put,38500
384,61.0,2,58.0,0,Call,38500
385,96.0,1,94.0,0,Put,38600
385,965.0,2,963.0,2,Underlying,38600
385,62.0,2,57.0,1,Call,38600
386,98.0,0,95.0,0,Put,38700
386,960.0,2,959.0,2,Underlying,38700
386,58.0,0,55.0,0,Call,38700
387,100.0,0,101.0,1,Put,38800
387,958.0,0,956.0,1,Underlying,38800
387,53.0,1,57.0,2,Call,38800
388,956.0,1,957.0,2,Underlying,38900
388,58.0,1,56.0,1,Call,38900
388,102.0,2,103.0,1,Put,38900
389,59.0,2,65.0,2,Call,39000
389,102.0,0,100.0,1,Put,39000
389,956.0,0,962.0,2,Underlying,39000
390,59.0,0,60.0,0,Call,39100
390,100.0,0,97.0,1,Put,39100
390,962.0,0,964.0,2,Underlying,39100
391,62.0,0,58.0,1,Call,39200
391,95.0,0,95.0,0,Put,39200
391,964.0,0,964.0,2,Underlying,39200
392,97.0,1,93.0,2,Put,39300
392,959.0,0,965.0,2,Underlying,39300
392,62.0,1,60.0,1,Call,39300
393,968.0,1,965.0,0,Underlying,39400
393,59.0,2,57.0,1,Call,39400
393,95.0,0,95.0,0,Put,39400
394,970.0,1,968.0,0,Underlying,39500
394,64.0,0,63.0,2,Call,39500
394,88.0,2,94.0,2,Put,39500
395,968.0,1,973.0,2,Underlying,39600
395,64.0,2,64.0,2,Call,39600
395,93.0,0,94.0,0,Put,39600
396,66.0,2,65.0,2,Call,39700
396,94.0,2,91.0,2,Put,39700
396,976.0,0,972.0,1,Underlying,39700
397,90.0,2,94.0,2,Put,39800
397,970.0,0,968.0,0,Underlying,39800
397,62.0,2,59.0,0,Call,39800
398,95.0,1,93.0,0,Put,39900
398,969.0,1,971.0,1,Underlying,39900
398,64.0,0,66.0,2,Call,39900
399,92.0,2,93.0,0,Put,40000
399,968.0,0,969.0,1,Underlying,40000
399,61.0,0,63.0,2,Call,40000
400,96.0,0,98.0,0,Put,40100
400,60.0,2,60.0,1,Call,40100
400,967.0,2,965.0,0,Underlying,40100
401,64.0,2,62.0,1,Call,40200
401,92.0,0,93.0,2,Put,40200
401,966.0,1,964.0,2,Underlying,40200
402,58.0,1,59.0,1,Call,40300
402,96.0,1,94.0,1,Put,40300
402,964.0,1,963.0,1,Underlying,40300
403,60.0,0,57.0,0,Call,40400
403,96.0,0,95.0,2,Put,40400
403,963.0,0,962.0,0,Underlying,40400
404,97.0,2,96.0,2,Put,40500
404,963.0,2,963.0,2,Underlying,40500
404,59.0,1,63.0,0,Call,40500
405,959.0,2,960.0,1,Underlying,40600
405,54.0,0,54.0,2,Call,40600
405,95.0,1,98.0,1,Put,40600
406,963.0,0,964.0,1,Underlying,40700
406,60.0,1,61.0,2,Call,40700
406,96.0,1,100.0,0,Put,40700
407,967.0,1,962.0,1,Underlying,40800
407,59.0,2,58.0,2,Call,40800
407,95.0,0,94.0,2,Put,40800
408,965.0,1,962.0,2,Underlying,40900
408,96.0,1,91.0,2,Put,40900
408,58.0,0,58.0,1,Call,40900
409,92.0,1,94.0,2,Put,41000
409,962.0,2,966.0,2,Underlying,41000
409,60.0,1,61.0,0,Call,41000
410,95.0,2,95.0,1,Put,41100
410,958.0,2,960.0,1,Underlying,41100
410,54.0,1,52.0,0,Call,41100
411,96.0,1,99.0,1,Put,41200
411,962.0,1,961.0,1,Underlying,41200
411,55.0,0,58.0,1,Call,41200
412,958.0,2,954.0,1,Underlying,41300
412,53.0,2,59.0,1,Call,41300
412,95.0,2,100.0,1,Put,41300
413,59.0,0,57.0,1,Call,41400
413,102.0,0,99.0,0,Put,41400
413,957.0,2,956.0,1,Underlying,41400
414,54.0,0,60.0,0,Call,41500
414,102.0,2,98.0,0,Put,41500
414,955.0,1,958.0,2,Underlying,41500
415,55.0,1,54.0,2,Call,41600
415,103.0,0,101.0,0,Put,41600
415,953.0,1,953.0,0,Underlying,41600
416,56.0,0,56.0,0,Call,41700
416,957.0,2,957.0,1,Underlying,41700
416,96.0,0,97.0,1,Put,41700
417,959.0,2,960.0,1,Underlying,41800
417,60.0,0,55.0,2,Call,41800
417,96.0,2,93.0,2,Put,41800
418,965.0,2,964.0,0,Underlying,41900
418,62.0,2,62.0,2,Call,41900
418,94.0,1,96.0,2,Put,41900
419,959.0,2,963.0,1,Underlying,42000
419,53.0,0,52.0,1,Call,42000
419,95.0,2,94.0,1,Put,42000
420,53.0,1,57.0,0,Call,42100
420,101.0,0,99.0,0,Put,42100
420,958.0,0,959.0,2,Underlying,42100
421,100.0,1,102.0,1,Put,42200
421,955.0,1,957.0,1,Underlying,42200
421,55.0,1,54.0,1,Call,42200
422,103.0,1,104.0,2,Put,42300
422,956.0,0,953.0,0,Underlying,42300
422,61.0,0,58.0,2,Call,42300
423,103.0,2,104.0,0,Put,42400
423,954.0,0,957.0,2,Underlying,42400
423,59.0,2,61.0,0,Call,42400
424,952.0,0,951.0,0,Underlying,42500
424,58.0,1,56.0,2,Call,42500
424,106.0,0,104.0,0,Put,42500
425,56.0,1,54.0,1,Call,42600
425,108.0,0,103.0,1,Put,42600
425,946.0,1,950.0,0,Underlying,42600
426,55.0,0,55.0,2,Call,42700
426,100.0,0,101.0,1,Put,42700
426,950.0,2,948.0,1,Underlying,42700
427,53.0,2,54.0,0,Call,42800
427,106.0,1,108.0,2,Put,42800
427,948.0,0,944.0,1,Underlying,42800
428,106.0,0,109.0,0,Put,42900
428,949.0,1,948.0,0,Underlying,42900
428,56.0,2,56.0,1,Call,42900
429,950.0,1,950.0,0,Underlying,43000
429,55.0,0,52.0,1,Call,43000
429,104.0,1,106.0,0,Put,43000
430,949.0,0,951.0,1,Underlying,43100
430,56.0,1,58.0,2,Call,43100
430,103.0,2,106.0,2,Put,43100
431,951.0,1,949.0,2,Underlying,43200
431,57.0,0,58.0,0,Call,43200
431,104.0,1,104.0,2,Put,43200
432,950.0,2,946.0,0,Underlying,43300
432,105.0,0,103.0,2,Put,43300
432,53.0,0,53.0,2,Call,43300
433,108.0,0,108.0,2,Put,43400
433,946.0,1,947.0,2,Underlying,43400
433,55.0,2,52.0,1,Call,43400
434,108.0,1,111.0,0,Put,43500
434,944.0,2,943.0,0,Underlying,43500
434,53.0,1,52.0,1,Call,43500
435,52.0,1,55.0,1,Call,43600
435,944.0,2,939.0,0,Underlying,43600
435,111.0,2,112.0,1,Put,43600
436,942.0,2,942.0,1,Underlying,43700
436,107.0,1,109.0,0,Put,43700
436,53.0,2,55.0,0,Call,43700
437,107.0,1,106.0,2,Put,43800
437,945.0,2,946.0,0,Underlying,43800
437,52.0,0,50.0,0,Call,43800
438,52.0,1,51.0,2,Call,43900
438,108.0,1,104.0,1,Put,43900
438,949.0,2,944.0,0,Underlying,43900
439,101.0,0,106.0,1,Put,44000
439,948.0,2,948.0,0,Underlying,44000
439,52.0,2,53.0,1,Call,44000
440,944.0,1,948.0,0,Underlying,44100
440,51.0,2,50.0,1,Call,44100
440,107.0,1,104.0,0,Put,44100
441,939.0,2,938.0,1,Underlying,44200
441,49.0,1,48.0,2,Call,44200
441,110.0,2,108.0,2,Put,44200
442,934.0,2,940.0,0,Underlying,44300
442,45.0,0,46.0,0,Call,44300
442,111.0,0,112.0,1,Put,44300
443,47.0,2,49.0,2,Call,44400
443,111.0,1,113.0,2,Put,44400
443,935.0,1,931.0,1,Underlying,44400
444,116.0,2,113.0,0,Put,44500
444,935.0,0,934.0,2,Underlying,44500
444,50.0,0,51.0,0,Call,44500
445,111.0,0,112.0,1,Put,44600
445,937.0,1,936.0,1,Underlying,44600
445,50.0,0,49.0,2,Call,44600
446,114.0,2,113.0,0,Put,44700
446,940.0,0,935.0,2,Underlying,44700
446,52.0,1,48.0,2,Call,44700
447,107.0,1,106.0,0,Put,44800
447,49.0,0,51.0,1,Call,44800
447,940.0,0,941.0,1,Underlying,44800
448,50.0,2,54.0,1,Call,44900
448,106.0,1,109.0,1,Put,44900
448,942.0,0,944.0,1,Underlying,44900
449,51.0,2,57.0,1,Call,45000
449,108.0,0,105.0,1,Put,45000
449,941.0,2,945.0,1,Underlying,45000
450,53.0,0,53.0,1,Call,45100
450,111.0,2,111.0,0,Put,45100
450,939.0,2,942.0,2,Underlying,45100
451,109.0,0,110.0,2,Put,45200
451,937.0,2,943.0,2,Underlying,45200
451,51.0,0,52.0,1,Call,45200
452,947.0,1,944.0,1,Underlying,45300
452,54.0,0,56.0,1,Call,45300
452,106.0,2,109.0,2,Put,45300
453,944.0,0,948.0,1,Underlying,45400
453,57.0,2,56.0,1,Call,45400
453,110.0,1,105.0,2,Put,45400
454,942.0,0,945.0,0,Underlying,45500
454,56.0,0,54.0,1,Call,45500
454,115.0,0,110.0,1,Put,45500
455,51.0,0,55.0,1,Call,45600
455,115.0,1,114.0,2,Put,45600
455,944.0,0,943.0,2,Underlying,45600
456,109.0,1,113.0,2,Put,45700
456,944.0,1,950.0,0,Underlying,45700
456,57.0,2,60.0,0,Call,45700
457,112.0,0,111.0,2,Put,45800
457,947.0,1,946.0,0,Underlying,45800
457,58.0,1,60.0,2,Call,45800
458,112.0,1,114.0,2,Put,45900
458,943.0,0,945.0,2,Underlying,45900
458,59.0,0,62.0,0,Call,45900
459,943.0,1,943.0,1,Underlying,46000
459,57.0,2,60.0,1,Call,46000
459,114.0,0,113.0,1,Put,46000
460,55.0,0,56.0,1,Call,46100
460,111.0,1,109.0,0,Put,46100
460,943.0,2,945.0,2,Underlying,46100
461,56.0,1,54.0,2,Call,46200
461,109.0,0,110.0,1,Put,46200
461,940.0,2,939.0,1,Underlying,46200
462,54.0,0,52.0,2,Call,46300
462,115.0,2,112.0,1,Put,46300
462,943.0,1,940.0,0,Underlying,46300
463,56.0,1,53.0,1,Call,46400
463,943.0,1,943.0,2,Underlying,46400
463,108.0,0,109.0,1,Put,46400
464,942.0,2,944.0,0,Underlying,46500
464,56.0,0,56.0,2,Call,46500
464,111.0,0,113.0,1,Put,46500
465,946.0,2,945.0,0,Underlying,46600
465,60.0,0,56.0,2,Call,46600
465,108.0,1,113.0,1,Put,46600
466,948.0,1,949.0,2,Underlying,46700
466,54.0,1,56.0,1,Call,46700
466,105.0,1,107.0,1,Put,46700
467,59.0,2,59.0,1,Call,46800
467,105.0,0,105.0,2,Put,46800
467,951.0,0,953.0,0,Underlying,46800
468,104.0,0,106.0,0,Put,46900
468,954.0,0,955.0,1,Underlying,46900
468,60.0,0,61.0,1,Call,46900
469,103.0,2,103.0,2,Put,47000
469,957.0,1,959.0,2,Underlying,47000
469,62.0,1,62.0,2,Call,47000
470,104.0,0,104.0,2,Put,47100
470,62.0,0,63.0,2,Call,47100
470,964.0,1,962.0,0,Underlying,47100
471,65.0,0,68.0,0,Call,47200
471,97.0,0,97.0,0,Put,47200
471,966.0,0,963.0,1,Underlying,47200
472,65.0,1,68.0,0,Call,47300
472,99.0,0,102.0,0,Put,47300
472,967.0,0,965.0,2,Underlying,47300
473,71.0,1,68.0,1,Call,47400
473,98.0,0,101.0,1,Put,47400
473,966.0,1,966.0,2,Underlying,47400
474,99.0,0,99.0,0,Put,47500
474,962.0,1,964.0,2,Underlying,47500
474,69.0,0,67.0,1,Call,47500
475,959.0,1,961.0,0,Underlying,47600
475,65.0,1,67.0,2,Call,47600
475,106.0,0,105.0,1,Put,47600
476,958.0,2,961.0,1,Underlying,47700
476,64.0,2,62.0,0,Call,47700
476,105.0,0,103.0,2,Put,47700
477,960.0,2,960.0,0,Underlying,47800
477,65.0,0,65.0,1,Call,47800
477,105.0,1,106.0,1,Put,47800
478,964.0,0,960.0,2,Underlying,47900
478,105.0,2,101.0,2,Put,47900
478,66.0,0,62.0,1,Call,47900
479,106.0,2,105.0,0,Put,48000
479,962.0,1,960.0,2,Underlying,48000
479,64.0,0,68.0,1,Call,48000
480,103.0,1,102.0,1,Put,48100
480,961.0,0,966.0,1,Underlying,48100
480,68.0,0,68.0,1,Call,48100
481,100.0,2,99.0,0,Put,48200
481,970.0,2,967.0,2,Underlying,48200
481,65.0,0,66.0,0,Call,48200
482,68.0,2,70.0,1,Call,48300
482,104.0,0,103.0,2,Put,48300
482,966.0,0,970.0,2,Underlying,48300
483,963.0,1,964.0,2,Underlying,48400
483,102.0,0,101.0,1,Put,48400
483,67.0,0,68.0,2,Call,48400
484,68.0,2,66.0,1,Call,48500
484,103.0,0,105.0,2,Put,48500
484,964.0,1,963.0,1,Underlying,48500
485,66.0,0,66.0,2,Call,48600
485,103.0,2,106.0,2,Put,48600
485,961.0,2,956.0,1,Underlying,48600
486,107.0,0,109.0,2,Put,48700
486,953.0,0,955.0,0,Underlying,48700
486,63.0,1,61.0,1,Call,48700
487,954.0,2,954.0,0,Underlying,48800
487,65.0,1,64.0,1,Call,48800
487,108.0,0,105.0,2,Put,48800
488,949.0,1,948.0,0,Underlying,48900
488,58.0,0,61.0,2,Call,48900
488,113.0,0,113.0,0,Put,48900
489,944.0,2,948.0,0,Underlying,49000
489,55.0,1,58.0,1,Call,49000
489,110.0,2,108.0,2,Put,49000
490,109.0,0,108.0,2,Put,49100
490,951.0,1,951.0,2,Underlying,49100
490,60.0,0,62.0,1,Call,49100
491,64.0,0,59.0,0,Call,49200
491,951.0,1,952.0,1,Underlying,49200
491,106.0,0,106.0,2,Put,49200
492,106.0,1,109.0,0,Put,49300
492,952.0,1,956.0,1,Underlying,49300
492,63.0,1,62.0,1,Call,49300
493,104.0,1,105.0,1,Put,49400
493,952.0,1,955.0,1,Underlying,49400
493,61.0,2,62.0,1,Call,49400
494,108.0,1,104.0,1,Put,49500
494,56.0,2,57.0,2,Call,49500
494,951.0,1,950.0,2,Underlying,49500
495,65.0,2,60.0,2,Call,49600
495,953.0,1,951.0,1,Underlying,49600
495,109.0,1,105.0,1,Put,49600
496,61.0,0,63.0,2,Call,49700
496,955.0,0,958.0,0,Underlying,49700
496,110.0,0,105.0,2,Put,49700
497,65.0,1,69.0,1,Call,49800
497,957.0,2,960.0,2,Underlying,49800
497,104.0,1,106.0,0,Put,49800
498,60.0,1,66.0,2,Call,49900
498,961.0,1,962.0,0,Underlying,49900
498,103.0,2,104.0,1,Put,49900
499,963.0,0,966.0,1,Underlying,50000
499,103.0,0,106.0,1,Put,50000
499,70.0,2,67.0,1,Call,50000
500,105.0,1,102.0,2,Put,50100
500,66.0,1,64.0,1,Call,50100
500,963.0,0,959.0,0,Underlying,50100
501,103.0,0,105.0,2,Put,50200
501,965.0,0,963.0,2,Underlying,50200
501,67.0,2,71.0,0,Call,50200
502,104.0,2,100.0,2,Put,50300
502,967.0,1,964.0,0,Underlying,50300
502,62.0,0,67.0,2,Call,50300
503,63.0,0,67.0,1,Call,50400
503,958.0,1,962.0,2,Underlying,50400
503,106.0,1,105.0,0,Put,50400
504,98.0,0,96.0,1,Put,50500
504,965.0,1,962.0,2,Underlying,50500
504,66.0,2,64.0,0,Call,50500
505,65.0,1,68.0,1,Call,50600
505,102.0,2,100.0,2,Put,50600
505,964.0,0,964.0,0,Underlying,50600
506,105.0,0,100.0,0,Put,50700
506,69.0,1,66.0,2,Call,50700
506,965.0,1,963.0,0,Underlying,50700
507,99.0,0,99.0,1,Put,50800
507,61.0,1,65.0,1,Call,50800
507,965.0,0,961.0,0,Underlying,50800
508,99.0,2,99.0,1,Put,50900
508,963.0,2,965.0,1,Underlying,50900
508,63.0,1,66.0,2,Call,50900
509,966.0,2,968.0,2,Underlying,51000
509,63.0,0,65.0,2,Call,51000
509,97.0,2,100.0,2,Put,51000
510,969.0,1,971.0,0,Underlying,51100
510,64.0,2,64.0,1,Call,51100
510,93.0,0,95.0,2,Put,51100
511,966.0,1,970.0,2,Underlying,51200
511,64.0,1,65.0,0,Call,51200
511,96.0,1,93.0,0,Put,51200
512,66.0,0,64.0,2,Call,51300
512,967.0,0,969.0,0,Underlying,51300
512,97.0,1,94.0,2,Put,51300
513,968.0,2,965.0,2,Underlying,51400
513,61.0,2,62.0,2,Call,51400
513,95.0,1,99.0,0,Put,51400
514,93.0,1,88.0,0,Put,51500
514,971.0,2,970.0,1,Underlying,51500
514,61.0,1,62.0,2,Call,51500
515,969.0,2,968.0,0,Underlying,51600
515,61.0,2,60.0,0,Call,51600
515,91.0,1,93.0,1,Put,51600
516,970.0,0,969.0,1,Underlying,51700
516,63.0,1,65.0,2,Call,51700
516,97.0,0,95.0,0,Put,51700
517,65.0,1,65.0,2,Call,51800
517,975.0,1,975.0,1,Underlying,51800
517,92.0,2,90.0,2,Put,51800
518,977.0,2,978.0,0,Underlying,51900
518,65.0,0,66.0,2,Call,51900
518,88.0,0,89.0,2,Put,51900
519,976.0,1,974.0,0,Underlying,52000
519,64.0,1,65.0,2,Call,52000
519,89.0,2,91.0,0,Put,52000
520,975.0,0,974.0,1,Underlying,52100
520,70.0,2,68.0,2,Call,52100
520,91.0,1,88.0,1,Put,52100
521,970.0,2,973.0,2,Underlying,52200
521,60.0,2,61.0,2,Call,52200
521,91.0,0,94.0,0,Put,52200
522,93.0,2,93.0,2,Put,52300
522,68.0,1,66.0,2,Call,52300
522,973.0,0,977.0,2,Underlying,52300
523,67.0,2,65.0,2,Call,52400
523,91.0,2,88.0,0,Put,52400
523,974.0,2,975.0,0,Underlying,52400
524,89.0,0,87.0,2,Put,52500
524,65.0,0,67.0,0,Call,52500
524,977.0,2,975.0,0,Underlying,52500
525,87.0,2,85.0,2,Put,52600
525,68.0,2,71.0,1,Call,52600
525,980.0,1,982.0,1,Underlying,52600
526,985.0,1,984.0,2,Underlying,52700
526,77.0,2,74.0,2,Call,52700
526,87.0,0,82.0,2,Put,52700
527,981.0,0,979.0,0,Underlying,52800
527,86.0,1,88.0,1,Put,52800
527,68.0,2,70.0,0,Call,52800
528,90.0,1,86.0,0,Put,52900
528,981.0,1,982.0,2,Underlying,52900
528,68.0,2,68.0,1,Call,52900
529,68.0,1,66.0,1,Call,53000
529,87.0,2,88.0,2,Put,53000
529,982.0,2,980.0,1,Underlying,53000
530,976.0,2,980.0,0,Underlying,53100
530,64.0,1,68.0,0,Call,53100
530,86.0,1,91.0,1,Put,53100
531,984.0,0,981.0,0,Underlying,53200
531,67.0,0,70.0,0,Call,53200
531,88.0,1,87.0,0,Put,53200
532,66.0,0,69.0,1,Call,53300
532,90.0,0,90.0,2,Put,53300
532,982.0,2,977.0,2,Underlying,53300
533,985.0,1,982.0,2,Underlying,53400
533,88.0,0,83.0,1,Put,53400
533,67.0,2,71.0,0,Call,53400
534,986.0,1,983.0,2,Underlying,53500
534,84.0,2,82.0,2,Put,53500
534,69.0,0,66.0,0,Call,53500
535,72.0,0,71.0,2,Call,53600
535,989.0,2,991.0,0,Underlying,53600
535,81.0,2,82.0,0,Put,53600
536,987.0,2,989.0,1,Underlying,53700
536,76.0,1,82.0,2,Put,53700
536,72.0,1,72.0,2,Call,53700
537,73.0,1,72.0,2,Call,53800
537,79.0,0,84.0,0,Put,53800
537,987.0,1,989.0,0,Underlying,53800
538,67.0,1,68.0,2,Call,53900
538,82.0,2,84.0,0,Put,53900
538,984.0,0,985.0,2,Underlying,53900
539,82.0,0,80.0,0,Put,54000
539,991.0,1,987.0,1,Underlying,54000
539,71.0,0,72.0,0,Call,54000
540,72.0,1,72.0,1,Call,54100
540,85.0,1,84.0,0,Put,54100
540,986.0,1,989.0,2,Underlying,54100
541,980.0,0,985.0,2,Underlying,54200
541,72.0,1,69.0,1,Call,54200
541,87.0,1,84.0,2,Put,54200
542,980.0,2,980.0,0,Underlying,54300
542,86.0,2,85.0,1,Put,54300
542,67.0,2,68.0,0,Call,54300
543,976.0,0,979.0,1,Underlying,54400
543,63.0,1,65.0,2,Call,54400
543,88.0,2,87.0,2,Put,54400
544,68.0,2,68.0,2,Call,54500
544,90.0,0,88.0,1,Put,54500
544,977.0,1,978.0,1,Underlying,54500
545,62.0,2,63.0,1,Call,54600
545,89.0,0,87.0,0,Put,54600
545,975.0,2,975.0,2,Underlying,54600
546,971.0,1,976.0,1,Underlying,54700
546,86.0,2,91.0,1,Put,54700
546,62.0,1,63.0,0,Call,54700
547,980.0,1,980.0,2,Underlying,54800
547,88.0,1,87.0,2,Put,54800
547,66.0,1,67.0,1,Call,54800
548,981.0,0,980.0,0,Underlying,54900
548,90.0,2,89.0,1,Put,54900
548,65.0,2,63.0,2,Call,54900
549,68.0,2,69.0,1,Call,55000
549,82.0,1,86.0,1,Put,55000
549,983.0,2,984.0,0,Underlying,55000
550,82.0,1,87.0,0,Put,55100
550,981.0,1,983.0,0,Underlying,55100
550,66.0,1,66.0,0,Call,55100
551,62.0,0,63.0,2,Call,55200
551,978.0,0,980.0,2,Underlying,55200
551,84.0,1,81.0,1,Put,55200
552,61.0,0,63.0,2,Call,55300
552,88.0,0,85.0,2,Put,55300
552,977.0,0,976.0,2,Underlying,55300
553,970.0,2,970.0,2,Underlying,55400
553,85.0,0,87.0,0,Put,55400
553,58.0,0,60.0,2,Call,55400
554,976.0,2,976.0,0,Underlying,55500
554,87.0,2,91.0,1,Put,55500
554,65.0,1,63.0,1,Call,55500
555,975.0,0,974.0,0,Underlying,55600
555,58.0,0,60.0,1,Call,55600
555,88.0,1,87.0,0,Put,55600
556,65.0,1,70.0,0,Call,55700
556,86.0,2,88.0,0,Put,55700
556,977.0,1,977.0,2,Underlying,55700
557,63.0,0,66.0,1,Call,55800
557,974.0,0,976.0,1,Underlying,55800
557,89.0,1,91.0,0,Put,55800
558,970.0,1,970.0,1,Underlying,55900
558,63.0,2,62.0,2,Call,55900
558,93.0,0,93.0,2,Put,55900
559,99.0,0,96.0,2,Put,56000
559,63.0,0,64.0,1,Call,56000
559,966.0,1,969.0,1,Underlying,56000
560,66.0,0,62.0,0,Call,56100
560,96.0,2,101.0,2,Put,56100
560,969.0,2,966.0,1,Underlying,56100
561,63.0,1,63.0,0,Call,56200
561,100.0,1,97.0,1,Put,56200
561,968.0,2,968.0,2,Underlying,56200
562,965.0,2,966.0,0,Underlying,56300
562,58.0,2,61.0,2,Call,56300
562,94.0,0,97.0,1,Put,56300
563,103.0,1,101.0,2,Put,56400
563,957.0,2,961.0,1,Underlying,56400
563,59.0,0,59.0,1,Call,56400
564,958.0,2,958.0,0,Underlying,56500
564,100.0,2,100.0,1,Put,56500
564,64.0,1,62.0,1,Call,56500
565,63.0,2,62.0,0,Call,56600
565,104.0,1,107.0,1,Put,56600
565,953.0,0,957.0,1,Underlying,56600
566,959.0,0,956.0,1,Underlying,56700
566,57.0,0,61.0,0,Call,56700
566,106.0,2,103.0,0,Put,56700
567,103.0,0,104.0,1,Put,56800
567,957.0,1,958.0,1,Underlying,56800
567,58.0,0,57.0,0,Call,56800
568,104.0,0,103.0,0,Put,56900
568,957.0,1,958.0,2,Underlying,56900
568,60.0,1,58.0,2,Call,56900
569,951.0,2,955.0,2,Underlying,57000
569,56.0,1,59.0,1,Call,57000
569,103.0,2,102.0,0,Put,57000
570,58.0,1,59.0,1,Call,57100
570,100.0,2,104.0,1,Put,57100
570,955.0,0,953.0,0,Underlying,57100
571,55.0,1,54.0,1,Call,57200
571,104.0,2,102.0,1,Put,57200
571,953.0,2,956.0,2,Underlying,57200
572,56.0,1,57.0,1,Call,57300
572,103.0,1,102.0,0,Put,57300
572,951.0,2,952.0,2,Underlying,57300
573,52.0,0,52.0,0,Call,57400
573,104.0,0,102.0,1,Put,57400
573,950.0,0,950.0,2,Underlying,57400
574,53.0,1,57.0,1,Call,57500
574,108.0,2,106.0,1,Put,57500
574,948.0,1,944.0,1,Underlying,57500
575,55.0,0,53.0,2,Call,57600
575,112.0,0,108.0,1,Put,57600
575,943.0,0,943.0,1,Underlying,57600
576,946.0,0,943.0,0,Underlying,57700
576,109.0,0,104.0,1,Put,57700
576,51.0,2,51.0,0,Call,57700
577,946.0,0,943.0,2,Underlying,57800
577,47.0,0,49.0,1,Call,57800
577,106.0,2,105.0,0,Put,57800
578,946.0,2,946.0,1,Underlying,57900
578,52.0,1,50.0,1,Call,57900
578,102.0,0,106.0,1,Put,57900
579,946.0,2,949.0,1,Underlying,58000
579,106.0,0,103.0,2,Put,58000
579,51.0,2,56.0,2,Call,58000
580,51.0,0,49.0,0,Call,58100
580,104.0,1,105.0,1,Put,58100
580,945.0,0,944.0,0,Underlying,58100
581,107.0,1,108.0,1,Put,58200
581,942.0,1,940.0,2,Underlying,58200
581,47.0,1,52.0,0,Call,58200
582,47.0,1,48.0,1,Call,58300
582,940.0,0,941.0,0,Underlying,58300
582,111.0,1,107.0,2,Put,58300
583,47.0,0,48.0,2,Call,58400
583,109.0,1,107.0,0,Put,58400
583,941.0,2,942.0,2,Underlying,58400
584,53.0,1,49.0,2,Call,58500
584,113.0,0,107.0,1,Put,58500
584,940.0,2,938.0,1,Underlying,58500
585,111.0,2,114.0,2,Put,58600
585,941.0,0,942.0,0,Underlying,58600
585,49.0,2,51.0,0,Call,58600
586,944.0,0,941.0,1,Underlying,58700
586,55.0,0,54.0,2,Call,58700
586,110.0,0,108.0,0,Put,58700
587,939.0,1,940.0,1,Underlying,58800
587,52.0,2,49.0,0,Call,58800
587,110.0,1,107.0,0,Put,58800
588,942.0,1,941.0,0,Underlying,58900
588,107.0,1,111.0,0,Put,58900
588,53.0,2,50.0,0,Call,58900
589,940.0,2,943.0,0,Underlying,59000
589,51.0,1,50.0,1,Call,59000
589,110.0,1,107.0,2,Put,59000
590,49.0,1,53.0,0,Call,59100
590,935.0,2,940.0,1,Underlying,59100
590,113.0,1,112.0,2,Put,59100
591,935.0,1,935.0,0,Underlying,59200
591,49.0,0,47.0,0,Call,59200
591,115.0,0,114.0,1,Put,59200
592,935.0,1,933.0,0,Underlying,59300
592,116.0,0,117.0,1,Put,59300
592,47.0,0,49.0,2,Call,59300
593,53.0,1,49.0,1,Call,59400
593,936.0,0,939.0,1,Underlying,59400
593,118.0,0,113.0,1,Put,59400
594,48.0,0,52.0,2,Call,59500
594,113.0,2,114.0,2,Put,59500
594,935.0,1,932.0,1,Underlying,59500
595,47.0,1,48.0,0,Call,59600
595,934.0,2,932.0,1,Underlying,59600
595,117.0,0,113.0,2,Put,59600
596,113.0,0,115.0,2,Put,59700
596,937.0,1,940.0,0,Underlying,59700
596,49.0,1,53.0,0,Call,59700
597,119.0,0,115.0,0,Put,59800
597,932.0,0,935.0,1,Underlying,59800
597,48.0,2,49.0,2,Call,59800
598,52.0,2,49.0,0,Call,59900
598,934.0,1,933.0,1,Underlying,59900
598,117.0,0,117.0,2,Put,59900
599,931.0,0,930.0,0,Underlying,60000
599,44.0,0,44.0,2,Call,60000
599,116.0,2,114.0,1,Put,60000
600,934.0,0,932.0,0,Underlying,60100
600,47.0,2,49.0,0,Call,60100
600,113.0,1,110.0,1,Put,60100
601,112.0,0,112.0,0,Put,60200
601,935.0,1,935.0,2,Underlying,60200
601,46.0,2,46.0,1,Call,60200
602,51.0,0,47.0,1,Call,60300
602,935.0,2,934.0,2,Underlying,60300
602,112.0,0,108.0,0,Put,60300
603,108.0,1,106.0,1,Put,60400
603,937.0,0,934.0,0,Underlying,60400
603,46.0,0,47.0,1,Call,60400
604,109.0,2,108.0,2,Put,60500
604,46.0,1,45.0,0,Call,60500
604,937.0,2,936.0,0,Underlying,60500
605,107.0,2,106.0,0,Put,60600
605,936.0,2,935.0,2,Underlying,60600
605,43.0,0,42.0,1,Call,60600
606,46.0,2,44.0,2,Call,60700
606,109.0,2,112.0,0,Put,60700
606,937.0,1,937.0,1,Underlying,60700
607,41.0,2,43.0,2,Call,60800
607,110.0,2,111.0,1,Put,60800
607,933.0,2,931.0,2,Underlying,60800
608,929.0,0,934.0,1,Underlying,60900
608,41.0,1,46.0,2,Call,60900
608,109.0,0,112.0,0,Put,60900
609,114.0,1,114.0,1,Put,61000
609,40.0,0,40.0,2,Call,61000
609,929.0,2,926.0,1,Underlying,61000
610,922.0,1,925.0,2,Underlying,61100
610,39.0,0,43.0,1,Call,61100
610,117.0,1,117.0,1,Put,61100
611,924.0,2,928.0,2,Underlying,61200
611,116.0,2,115.0,1,Put,61200
611,41.0,1,39.0,0,Call,61200
612,122.0,1,118.0,2,Put,61300
612,921.0,0,923.0,1,Underlying,61300
612,37.0,2,39.0,0,Call,61300
613,918.0,0,919.0,0,Underlying,61400
613,40.0,0,41.0,1,Call,61400
613,116.0,2,117.0,2,Put,61400
614,922.0,1,920.0,1,Underlying,61500
614,119.0,2,118.0,1,Put,61500
614,45.0,1,41.0,1,Call,61500
615,119.0,0,119.0,1,Put,61600
615,924.0,2,924.0,0,Underlying,61600
615,39.0,2,44.0,0,Call,61600
616,919.0,1,917.0,0,Underlying,61700
616,40.0,1,41.0,1,Call,61700
616,124.0,2,124.0,2,Put,61700
617,126.0,0,124.0,2,Put,61800
617,38.0,2,43.0,2,Call,61800
617,920.0,1,914.0,1,Underlying,61800
618,126.0,2,123.0,2,Put,61900
618,913.0,1,913.0,1,Underlying,61900
618,36.0,2,35.0,1,Call,61900
619,35.0,2,37.0,2,Call,62000
619,917.0,2,917.0,1,Underlying,62000
619,125.0,2,124.0,2,Put,62000
620,919.0,1,917.0,0,Underlying,62100
620,120.0,0,122.0,2,Put,62100
620,37.0,0,41.0,0,Call,62100
621,43.0,2,38.0,1,Call,62200
621,117.0,0,121.0,2,Put,62200
621,917.0,1,919.0,0,Underlying,62200
622,123.0,0,126.0,0,Put,62300
622,917.0,1,917.0,0,Underlying,62300
622,39.0,1,40.0,1,Call,62300
623,32.0,0,35.0,1,Call,62400
623,912.0,2,915.0,0,Underlying,62400
623,125.0,0,125.0,2,Put,62400
624,36.0,0,34.0,1,Call,62500
624,914.0,2,909.0,0,Underlying,62500
624,125.0,0,119.0,1,Put,62500
625,909.0,1,912.0,1,Underlying,62600
625,130.0,2,125.0,2,Put,62600
625,37.0,2,33.0,0,Call,62600
626,36.0,2,32.0,1,Call,62700
626,914.0,2,909.0,2,Underlying,62700
626,127.0,2,125.0,2,Put,62700
627,911.0,0,913.0,1,Underlying,62800
627,35.0,1,35.0,2,Call,62800
627,124.0,1,123.0,2,Put,62800
628,915.0,1,917.0,0,Underlying,62900
628,35.0,2,34.0,0,Call,62900
628,122.0,1,121.0,0,Put,62900
629,128.0,0,126.0,2,Put,63000
629,38.0,2,36.0,2,Call,63000
629,913.0,1,909.0,0,Underlying,63000
630,122.0,0,125.0,1,Put,63100
630,36.0,1,36.0,1,Call,63100
630,915.0,1,911.0,1,Underlying,63100
631,35.0,0,40.0,1,Call,63200
631,125.0,2,127.0,1,Put,63200
631,909.0,0,911.0,1,Underlying,63200
632,34.0,2,31.0,0,Call,63300
632,129.0,1,127.0,1,Put,63300
632,907.0,2,907.0,2,Underlying,63300
633,32.0,0,32.0,2,Call,63400
633,907.0,2,904.0,1,Underlying,63400
633,126.0,1,132.0,1,Put,63400
634,903.0,0,899.0,0,Underlying,63500
634,33.0,2,33.0,1,Call,63500
634,131.0,2,128.0,1,Put,63500
635,34.0,1,36.0,0,Call,63600
635,895.0,1,900.0,0,Underlying,63600
635,135.0,0,130.0,2,Put,63600
636,29.0,0,29.0,1,Call,63700
636,894.0,0,897.0,0,Underlying,63700
636,129.0,0,133.0,1,Put,63700
637,31.0,1,31.0,2,Call,63800
637,129.0,1,130.0,0,Put,63800
637,899.0,2,897.0,2,Underlying,63800
638,900.0,0,897.0,2,Underlying,63900
638,130.0,0,132.0,2,Put,63900
638,29.0,2,31.0,0,Call,63900
639,903.0,1,902.0,1,Underlying,64000
639,128.0,0,126.0,1,Put,64000
639,31.0,0,30.0,2,Call,64000
640,126.0,0,128.0,0,Put,64100
640,31.0,0,34.0,1,Call,64100
640,908.0,1,907.0,1,Underlying,64100
641,915.0,1,912.0,0,Underlying,64200
641,34.0,1,36.0,1,Call,64200
641,121.0,0,124.0,1,Put,64200
642,39.0,2,37.0,2,Call,64300
642,916.0,0,918.0,0,Underlying,64300
642,123.0,0,121.0,1,Put,64300
643,118.0,2,122.0,1,Put,64400
643,917.0,1,921.0,0,Underlying,64400
643,37.0,1,41.0,1,Call,64400
644,916.0,1,915.0,1,Underlying,64500
644,35.0,2,32.0,0,Call,64500
644,122.0,2,120.0,1,Put,64500
645,914.0,2,917.0,2,Underlying,64600
645,35.0,2,35.0,0,Call,64600
645,118.0,1,118.0,1,Put,64600
646,916.0,1,913.0,0,Underlying,64700
646,122.0,0,123.0,0,Put,64700
646,38.0,2,35.0,0,Call,64700
647,122.0,2,121.0,2,Put,64800
647,39.0,1,41.0,2,Call,64800
647,916.0,0,919.0,1,Underlying,64800
648,921.0,0,919.0,0,Underlying,64900
648,120.0,2,119.0,0,Put,64900
648,41.0,1,44.0,2,Call,64900
649,917.0,2,915.0,2,Underlying,65000
649,124.0,1,125.0,2,Put,65000
649,36.0,1,37.0,2,Call,65000
650,40.0,2,40.0,1,Call,65100
650,914.0,2,913.0,0,Underlying,65100
650,125.0,0,121.0,2,Put,65100
651,124.0,2,128.0,2,Put,65200
651,39.0,2,41.0,2,Call,65200
651,912.0,2,916.0,1,Underlying,65200
652,907.0,2,909.0,1,Underlying,65300
652,124.0,2,125.0,2,Put,65300
652,40.0,1,37.0,1,Call,65300
653,910.0,1,911.0,0,Underlying,65400
653,126.0,0,126.0,0,Put,65400
653,35.0,1,35.0,1,Call,65400
654,127.0,1,126.0,0,Put,65500
654,910.0,0,916.0,0,Underlying,65500
654,43.0,0,42.0,0,Call,65500
655,128.0,0,129.0,2,Put,65600
655,41.0,1,38.0,1,Call,65600
655,911.0,1,912.0,2,Underlying,65600
656,132.0,2,133.0,2,Put,65700
656,42.0,0,37.0,2,Call,65700
656,906.0,2,907.0,1,Underlying,65700
657,38.0,1,38.0,1,Call,65800
657,133.0,0,131.0,1,Put,65800
657,903.0,0,903.0,1,Underlying,65800
658,897.0,0,900.0,2,Underlying,65900
658,39.0,1,37.0,1,Call,65900
658,135.0,2,136.0,1,Put,65900
659,36.0,1,34.0,1,Call,66000
659,901.0,0,898.0,1,Underlying,66000
659,134.0,0,133.0,1,Put,66000
660,138.0,1,139.0,0,Put,66100
660,33.0,1,35.0,2,Call,66100
660,895.0,2,896.0,2,Underlying,66100
661,135.0,0,132.0,2,Put,66200
661,32.0,2,34.0,1,Call,66200
661,903.0,2,900.0,1,Underlying,66200
662,135.0,0,135.0,1,Put,66300
662,898.0,0,898.0,2,Underlying,66300
662,36.0,0,34.0,2,Call,66300
663,137.0,0,133.0,2,Put,66400
663,36.0,2,39.0,1,Call,66400
663,901.0,2,902.0,0,Underlying,66400
664,903.0,1,903.0,1,Underlying,66500
664,134.0,1,133.0,1,Put,66500
664,39.0,1,35.0,2,Call,66500
665,904.0,2,904.0,2,Underlying,66600
665,35.0,2,40.0,2,Call,66600
665,128.0,2,134.0,1,Put,66600
666,135.0,2,132.0,2,Put,66700
666,901.0,1,899.0,1,Underlying,66700
666,39.0,0,36.0,0,Call,66700
667,906.0,1,901.0,2,Underlying,66800
667,132.0,2,131.0,0,Put,66800
667,35.0,2,40.0,1,Call,66800
668,135.0,0,133.0,1,Put,66900
668,41.0,0,40.0,2,Call,66900
668,902.0,2,908.0,0,Underlying,66900
669,907.0,1,906.0,0,Underlying,67000
669,38.0,2,42.0,1,Call,67000
669,133.0,1,130.0,1,Put,67000
670,910.0,0,906.0,1,Underlying,67100
670,132.0,1,130.0,1,Put,67100
670,39.0,0,39.0,0,Call,67100
671,905.0,2,904.0,0,Underlying,67200
671,130.0,0,128.0,1,Put,67200
671,38.0,2,38.0,2,Call,67200
672,132.0,0,133.0,0,Put,67300
672,904.0,2,905.0,1,Underlying,67300
672,42.0,1,39.0,1,Call,67300
673,39.0,0,37.0,1,Call,67400
673,136.0,2,134.0,0,Put,67400
673,905.0,1,901.0,1,Underlying,67400
674,134.0,1,134.0,2,Put,67500
674,903.0,1,898.0,2,Underlying,67500
674,36.0,1,36.0,2,Call,67500
675,137.0,1,135.0,1,Put,67600
675,896.0,1,901.0,2,Underlying,67600
675,34.0,2,38.0,1,Call,67600
676,138.0,1,136.0,2,Put,67700
676,903.0,2,897.0,2,Underlying,67700
676,37.0,1,36.0,0,Call,67700
677,38.0,1,33.0,0,Call,67800
677,140.0,1,140.0,2,Put,67800
677,900.0,0,896.0,2,Underlying,67800
678,138.0,1,140.0,2,Put,67900
678,897.0,2,894.0,0,Underlying,67900
678,39.0,1,34.0,2,Call,67900
679,891.0,0,890.0,2,Underlying,68000
679,141.0,0,141.0,0,Put,68000
679,34.0,1,30.0,2,Call,68000
680,891.0,2,895.0,2,Underlying,68100
680,37.0,1,41.0,2,Call,68100
680,144.0,1,141.0,0,Put,68100
681,140.0,1,141.0,2,Put,68200
681,34.0,2,35.0,0,Call,68200
681,894.0,2,897.0,0,Underlying,68200
682,35.0,2,34.0,1,Call,68300
682,139.0,0,141.0,0,Put,68300
682,891.0,2,895.0,0,Underlying,68300
683,144.0,2,142.0,0,Put,68400
683,892.0,0,891.0,0,Underlying,68400
683,30.0,1,34.0,2,Call,68400
684,144.0,1,149.0,0,Put,68500
684,888.0,1,885.0,1,Underlying,68500
684,30.0,2,33.0,2,Call,68500
685,145.0,1,141.0,2,Put,68600
685,889.0,0,885.0,1,Underlying,68600
685,30.0,1,31.0,1,Call,68600
686,35.0,2,34.0,2,Call,68700
686,889.0,0,889.0,2,Underlying,68700
686,141.0,0,138.0,0,Put,68700
687,893.0,0,892.0,0,Underlying,68800
687,136.0,2,141.0,2,Put,68800
687,36.0,0,34.0,1,Call,68800
688,140.0,0,139.0,2,Put,68900
688,32.0,0,34.0,2,Call,68900
688,892.0,0,892.0,1,Underlying,68900
689,895.0,1,896.0,0,Underlying,69000
689,136.0,2,135.0,2,Put,69000
689,34.0,0,35.0,1,Call,69000
690,35.0,0,38.0,1,Call,69100
690,134.0,2,133.0,0,Put,69100
690,901.0,2,901.0,1,Underlying,69100
691,898.0,0,896.0,0,Underlying,69200
691,137.0,0,137.0,0,Put,69200
691,33.0,2,34.0,0,Call,69200
692,30.0,1,34.0,1,Call,69300
692,142.0,0,138.0,1,Put,69300
692,892.0,0,893.0,2,Underlying,69300
693,145.0,0,143.0,1,Put,69400
693,37.0,2,32.0,0,Call,69400
693,889.0,2,889.0,0,Underlying,69400
694,886.0,2,888.0,0,Underlying,69500
694,146.0,2,145.0,1,Put,69500
694,36.0,0,34.0,1,Call,69500
695,144.0,0,142.0,0,Put,69600
695,890.0,0,889.0,0,Underlying,69600
695,32.0,0,32.0,1,Call,69600
696,142.0,1,139.0,2,Put,69700
696,34.0,1,33.0,2,Call,69700
696,894.0,2,891.0,1,Underlying,69700
697,143.0,1,140.0,2,Put,69800
697,35.0,2,29.0,2,Call,69800
697,891.0,0,888.0,0,Underlying,69800
698,888.0,2,889.0,2,Underlying,69900
698,32.0,0,31.0,1,Call,69900
698,144.0,1,146.0,2,Put,69900
699,29.0,2,32.0,0,Call,70000
699,893.0,1,890.0,2,Underlying,70000
699,139.0,0,143.0,0,Put,70000
700,891.0,2,887.0,2,Underlying,70100
700,142.0,1,139.0,0,Put,70100
700,28.0,0,32.0,2,Call,70100
701,148.0,0,148.0,1,Put,70200
701,887.0,1,886.0,2,Underlying,70200
701,31.0,0,35.0,1,Call,70200
702,882.0,1,881.0,2,Underlying,70300
702,28.0,2,29.0,0,Call,70300
702,147.0,2,151.0,1,Put,70300
703,883.0,0,884.0,1,Underlying,70400
703,32.0,1,34.0,2,Call,70400
703,149.0,2,143.0,0,Put,70400
704,32.0,2,26.0,2,Call,70500
704,150.0,0,151.0,2,Put,70500
704,879.0,2,879.0,0,Underlying,70500
705,877.0,2,878.0,2,Underlying,70600
705,32.0,2,33.0,1,Call,70600
705,152.0,1,152.0,1,Put,70600
706,881.0,0,880.0,2,Underlying,70700
706,34.0,1,33.0,1,Call,70700
706,153.0,1,149.0,0,Put,70700
707,155.0,0,154.0,2,Put,70800
707,31.0,1,32.0,2,Call,70800
707,880.0,2,882.0,1,Underlying,70800
708,148.0,2,149.0,1,Put,70900
708,34.0,2,32.0,0,Call,70900
708,887.0,0,885.0,0,Underlying,70900
709,33.0,0,36.0,2,Call,71000
709,149.0,2,144.0,2,Put,71000
709,888.0,1,889.0,1,Underlying,71000
710,888.0,0,885.0,0,Underlying,71100
710,33.0,0,34.0,1,Call,71100
710,148.0,2,148.0,0,Put,71100
711,890.0,0,891.0,2,Underlying,71200
711,38.0,1,36.0,2,Call,71200
711,149.0,0,143.0,2,Put,71200
712,31.0,1,36.0,0,Call,71300
712,140.0,1,144.0,1,Put,71300
712,891.0,2,892.0,2,Underlying,71300
713,895.0,0,897.0,0,Underlying,71400
713,37.0,2,39.0,2,Call,71400
713,142.0,0,143.0,0,Put,71400
714,898.0,0,898.0,1,Underlying,71500
714,40.0,1,38.0,1,Call,71500
714,140.0,1,139.0,2,Put,71500
715,144.0,1,138.0,0,Put,71600
715,37.0,2,40.0,0,Call,71600
715,897.0,0,903.0,2,Underlying,71600
716,906.0,1,902.0,2,Underlying,71700
716,136.0,0,134.0,2,Put,71700
716,42.0,0,40.0,1,Call,71700
717,907.0,1,902.0,2,Underlying,71800
717,138.0,1,137.0,2,Put,71800
717,38.0,1,39.0,1,Call,71800
718,43.0,2,41.0,2,Call,71900
718,131.0,1,133.0,2,Put,71900
718,907.0,1,909.0,0,Underlying,71900
719,909.0,1,910.0,2,Underlying,72000
719,41.0,0,40.0,0,Call,72000
719,133.0,2,135.0,1,Put,72000
720,44.0,2,44.0,2,Call,72100
720,131.0,1,132.0,1,Put,72100
720,914.0,2,911.0,1,Underlying,72100
721,46.0,2,45.0,0,Call,72200
721,130.0,0,131.0,0,Put,72200
721,913.0,1,909.0,2,Underlying,72200
722,45.0,2,46.0,0,Call,72300
722,909.0,0,912.0,0,Underlying,72300
722,132.0,2,134.0,0,Put,72300
723,911.0,0,909.0,1,Underlying,72400
723,130.0,0,129.0,0,Put,72400
723,39.0,0,40.0,2,Call,72400
724,129.0,1,131.0,0,Put,72500
724,37.0,0,40.0,0,Call,72500
724,910.0,0,905.0,0,Underlying,72500
725,135.0,0,137.0,1,Put,72600
725,903.0,2,903.0,0,Underlying,72600
725,38.0,2,37.0,1,Call,72600
726,128.0,0,131.0,0,Put,72700
726,911.0,0,905.0,0,Underlying,72700
726,39.0,1,43.0,0,Call,72700
727,907.0,2,913.0,2,Underlying,72800
727,36.0,0,38.0,2,Call,72800
727,131.0,2,129.0,0,Put,72800
728,911.0,1,907.0,1,Underlying,72900
728,40.0,0,42.0,1,Call,72900
728,127.0,1,128.0,1,Put,72900
729,911.0,2,908.0,2,Underlying,73000
729,41.0,1,42.0,0,Call,73000
729,133.0,0,135.0,1,Put,73000
730,39.0,2,37.0,1,Call,73100
730,907.0,1,903.0,1,Underlying,73100
730,134.0,0,133.0,2,Put,73100
731,902.0,1,902.0,2,Underlying,73200
731,135.0,1,136.0,0,Put,73200
731,42.0,0,39.0,0,Call,73200
732,131.0,2,133.0,2,Put,73300
732,38.0,0,43.0,1,Call,73300
732,903.0,0,905.0,1,Underlying,73300
733,131.0,2,133.0,0,Put,73400
733,38.0,1,36.0,2,Call,73400
733,904.0,2,904.0,2,Underlying,73400
734,135.0,0,131.0,2,Put,73500
734,908.0,0,907.0,1,Underlying,73500
734,43.0,0,39.0,2,Call,73500
735,38.0,2,41.0,2,Call,73600
735,908.0,1,908.0,2,Underlying,73600
735,126.0,0,130.0,1,Put,73600
736,38.0,1,42.0,1,Call,73700
736,134.0,0,133.0,2,Put,73700
736,908.0,1,905.0,2,Underlying,73700
737,130.0,0,128.0,2,Put,73800
737,909.0,0,910.0,1,Underlying,73800
737,41.0,2,44.0,2,Call,73800
738,131.0,1,133.0,1,Put,73900
738,41.0,0,44.0,2,Call,73900
738,907.0,0,908.0,2,Underlying,73900
739,130.0,0,132.0,1,Put,74000
739,906.0,0,907.0,2,Underlying,74000
739,36.0,1,37.0,1,Call,74000
740,136.0,2,136.0,0,Put,74100
740,35.0,1,33.0,2,Call,74100
740,904.0,1,901.0,2,Underlying,74100
741,901.0,0,905.0,2,Underlying,74200
741,136.0,2,137.0,2,Put,74200
741,39.0,2,40.0,2,Call,74200
742,41.0,0,38.0,0,Call,74300
742,905.0,0,907.0,2,Underlying,74300
742,132.0,2,137.0,0,Put,74300
743,900.0,2,902.0,2,Underlying,74400
743,34.0,2,37.0,1,Call,74400
743,135.0,2,134.0,2,Put,74400
744,898.0,1,901.0,2,Underlying,74500
744,135.0,0,141.0,2,Put,74500
744,40.0,0,40.0,1,Call,74500
745,139.0,1,135.0,1,Put,74600
745,38.0,1,39.0,2,Call,74600
745,900.0,2,904.0,1,Underlying,74600
746,904.0,1,903.0,2,Underlying,74700
746,137.0,1,136.0,1,Put,74700
746,37.0,2,35.0,0,Call,74700
747,38.0,1,36.0,2,Call,74800
747,905.0,1,904.0,1,Underlying,74800
747,138.0,0,135.0,2,Put,74800
748,39.0,2,37.0,1,Call,74900
748,139.0,2,133.0,0,Put,74900
748,896.0,2,898.0,0,Underlying,74900
749,895.0,0,896.0,1,Underlying,75000
749,139.0,2,139.0,2,Put,75000
749,35.0,2,32.0,0,Call,75000
750,138.0,0,134.0,0,Put,75100
750,35.0,1,34.0,2,Call,75100
750,896.0,2,900.0,0,Underlying,75100
751,38.0,2,37.0,1,Call,75200
751,139.0,0,137.0,2,Put,75200
751,901.0,1,899.0,1,Underlying,75200
752,905.0,2,903.0,1,Underlying,75300
752,39.0,0,34.0,2,Call,75300
752,137.0,2,136.0,2,Put,75300
753,40.0,0,40.0,2,Call,75400
753,132.0,1,136.0,2,Put,75400
753,906.0,2,908.0,1,Underlying,75400
754,37.0,2,40.0,2,Call,75500
754,131.0,0,131.0,1,Put,75500
754,906.0,1,912.0,0,Underlying,75500
755,39.0,1,40.0,2,Call,75600
755,128.0,2,127.0,0,Put,75600
755,910.0,2,914.0,0,Underlying,75600
756,914.0,1,919.0,0,Underlying,75700
756,121.0,2,122.0,2,Put,75700
756,39.0,1,41.0,0,Call,75700
757,914.0,2,916.0,1,Underlying,75800
757,42.0,2,44.0,1,Call,75800
757,127.0,2,125.0,1,Put,75800
758,917.0,1,917.0,2,Underlying,75900
758,40.0,1,43.0,0,Call,75900
758,129.0,0,127.0,0,Put,75900
759,124.0,2,121.0,1,Put,76000
759,915.0,1,921.0,1,Underlying,76000
759,43.0,1,41.0,0,Call,76000
760,123.0,0,125.0,1,Put,76100
760,41.0,0,40.0,0,Call,76100
760,914.0,2,911.0,1,Underlying,76100
761,125.0,2,122.0,2,Put,76200
761,916.0,2,917.0,2,Underlying,76200
761,43.0,2,47.0,2,Call,76200
762,131.0,1,125.0,2,Put,76300
762,42.0,1,39.0,0,Call,76300
762,915.0,1,915.0,2,Underlying,76300
763,911.0,1,911.0,0,Underlying,76400
763,41.0,1,41.0,2,Call,76400
763,131.0,2,128.0,1,Put,76400
764,131.0,1,131.0,1,Put,76500
764,911.0,0,911.0,0,Underlying,76500
764,42.0,2,43.0,1,Call,76500
765,911.0,1,909.0,0,Underlying,76600
765,128.0,0,129.0,1,Put,76600
765,41.0,2,41.0,1,Call,76600
766,127.0,0,129.0,0,Put,76700
766,910.0,1,905.0,1,Underlying,76700
766,39.0,1,36.0,2,Call,76700
767,36.0,2,38.0,1,Call,76800
767,906.0,1,908.0,0,Underlying,76800
767,127.0,2,128.0,0,Put,76800
768,34.0,2,36.0,2,Call,76900
768,128.0,1,128.0,2,Put,76900
768,909.0,1,906.0,2,Underlying,76900
769,36.0,2,33.0,2,Call,77000
769,908.0,1,909.0,2,Underlying,77000
769,128.0,0,132.0,1,Put,77000
770,128.0,2,128.0,2,Put,77100
770,905.0,0,908.0,2,Underlying,77100
770,37.0,0,35.0,0,Call,77100
771,37.0,2,37.0,1,Call,77200
771,134.0,1,133.0,2,Put,77200
771,906.0,0,906.0,0,Underlying,77200
772,903.0,0,904.0,2,Underlying,77300
772,38.0,2,36.0,2,Call,77300
772,134.0,0,133.0,1,Put,77300
773,37.0,2,33.0,0,Call,77400
773,128.0,1,127.0,1,Put,77400
773,909.0,1,906.0,1,Underlying,77400
774,913.0,2,909.0,2,Underlying,77500
774,35.0,1,40.0,1,Call,77500
774,128.0,0,126.0,0,Put,77500
775,39.0,2,39.0,2,Call,77600
775,128.0,2,124.0,0,Put,77600
775,912.0,1,910.0,0,Underlying,77600
776,910.0,1,908.0,2,Underlying,77700
776,39.0,1,41.0,2,Call,77700
776,129.0,2,132.0,2,Put,77700
777,130.0,1,130.0,1,Put,77800
777,909.0,0,909.0,0,Underlying,77800
777,36.0,2,37.0,2,Call,77800
778,41.0,0,42.0,0,Call,77900
778,127.0,1,124.0,2,Put,77900
778,913.0,0,917.0,2,Underlying,77900
779,126.0,0,127.0,1,Put,78000
779,43.0,0,44.0,0,Call,78000
779,919.0,1,919.0,0,Underlying,78000
780,45.0,1,41.0,1,Call,78100
780,922.0,2,917.0,1,Underlying,78100
780,122.0,1,121.0,2,Put,78100
781,45.0,0,45.0,2,Call,78200
781,922.0,0,924.0,2,Underlying,78200
781,119.0,1,120.0,0,Put,78200
782,121.0,1,119.0,1,Put,78300
782,48.0,1,44.0,1,Call,78300
782,920.0,2,921.0,0,Underlying,78300
783,121.0,1,124.0,2,Put,78400
783,42.0,0,43.0,2,Call,78400
783,917.0,0,919.0,0,Underlying,78400
784,120.0,0,122.0,2,Put,78500
784,40.0,0,40.0,1,Call,78500
784,920.0,1,917.0,2,Underlying,78500
785,124.0,0,124.0,0,Put,78600
785,924.0,1,919.0,0,Underlying,78600
785,41.0,1,41.0,1,Call,78600
786,126.0,2,123.0,1,Put,78700
786,923.0,1,921.0,1,Underlying,78700
786,44.0,1,45.0,1,Call,78700
787,121.0,2,122.0,2,Put,78800
787,923.0,0,920.0,2,Underlying,78800
787,40.0,1,41.0,1,Call,78800
788,41.0,1,42.0,1,Call,78900
788,920.0,0,915.0,1,Underlying,78900
788,125.0,1,122.0,2,Put,78900
789,43.0,2,41.0,2,Call,79000
789,915.0,1,914.0,2,Underlying,79000
789,123.0,2,123.0,2,Put,79000
790,45.0,2,46.0,1,Call,79100
790,923.0,0,919.0,2,Underlying,79100
790,125.0,1,122.0,1,Put,79100
791,920.0,2,921.0,0,Underlying,79200
791,120.0,2,121.0,0,Put,79200
791,44.0,2,42.0,1,Call,79200
792,45.0,1,42.0,0,Call,79300
792,921.0,1,923.0,0,Underlying,79300
792,119.0,0,121.0,1,Put,79300
793,917.0,1,917.0,1,Underlying,79400
793,125.0,2,120.0,1,Put,79400
793,40.0,2,40.0,1,Call,79400
794,124.0,2,120.0,1,Put,79500
794,39.0,2,43.0,2,Call,79500
794,918.0,2,920.0,0,Underlying,79500
795,42.0,0,41.0,2,Call,79600
795,121.0,1,122.0,1,Put,79600
795,921.0,0,920.0,2,Underlying,79600
796,45.0,0,42.0,2,Call,79700
796,120.0,0,122.0,1,Put,79700
796,922.0,1,923.0,1,Underlying,79700
797,918.0,1,920.0,0,Underlying,79800
797,124.0,1,122.0,2,Put,79800
797,42.0,1,40.0,0,Call,79800
798,920.0,2,920.0,2,Underlying,79900
798,42.0,2,37.0,2,Call,79900
798,120.0,1,120.0,2,Put,79900
799,40.0,0,40.0,2,Call,80000
799,921.0,0,921.0,1,Underlying,80000
799,122.0,1,122.0,1,Put,80000
800,917.0,2,917.0,1,Underlying,80100
800,39.0,0,42.0,1,Call,80100
800,121.0,1,122.0,0,Put,80100
801,38.0,1,41.0,2,Call,80200
801,127.0,0,125.0,2,Put,80200
801,914.0,1,916.0,0,Underlying,80200
802,127.0,1,127.0,1,Put,80300
802,40.0,2,42.0,2,Call,80300
802,912.0,1,917.0,1,Underlying,80300
803,43.0,1,45.0,2,Call,80400
803,128.0,0,125.0,0,Put,80400
803,914.0,0,920.0,2,Underlying,80400
804,43.0,1,41.0,1,Call,80500
804,916.0,1,919.0,0,Underlying,80500
804,125.0,2,129.0,0,Put,80500
805,127.0,1,123.0,2,Put,80600
805,44.0,2,46.0,0,Call,80600
805,922.0,0,922.0,2,Underlying,80600
806,927.0,1,922.0,0,Underlying,80700
806,49.0,2,44.0,0,Call,80700
806,122.0,2,119.0,2,Put,80700
807,919.0,2,922.0,2,Underlying,80800
807,47.0,2,50.0,1,Call,80800
807,124.0,2,126.0,1,Put,80800
808,924.0,0,923.0,2,Underlying,80900
808,46.0,2,45.0,2,Call,80900
808,117.0,0,123.0,1,Put,80900
809,127.0,2,126.0,0,Put,81000
809,922.0,1,919.0,2,Underlying,81000
809,46.0,2,47.0,0,Call,81000
810,914.0,2,918.0,1,Underlying,81100
810,41.0,1,39.0,0,Call,81100
810,127.0,0,123.0,1,Put,81100
811,126.0,1,125.0,2,Put,81200
811,41.0,2,46.0,1,Call,81200
811,917.0,0,913.0,1,Underlying,81200
812,41.0,1,41.0,1,Call,81300
812,122.0,0,123.0,0,Put,81300
812,918.0,0,919.0,0,Underlying,81300
813,122.0,1,124.0,0,Put,81400
813,918.0,2,922.0,1,Underlying,81400
813,41.0,0,44.0,2,Call,81400
814,125.0,0,125.0,2,Put,81500
814,42.0,2,44.0,2,Call,81500
814,916.0,2,920.0,1,Underlying,81500
815,913.0,1,915.0,2,Underlying,81600
815,43.0,1,43.0,1,Call,81600
815,126.0,0,126.0,2,Put,81600
816,914.0,1,910.0,1,Underlying,81700
816,130.0,1,132.0,2,Put,81700
816,43.0,2,41.0,1,Call,81700
817,45.0,2,39.0,0,Call,81800
817,913.0,2,917.0,0,Underlying,81800
817,124.0,1,124.0,2,Put,81800
818,126.0,0,121.0,1,Put,81900
818,42.0,1,45.0,1,Call,81900
818,915.0,0,917.0,0,Underlying,81900
819,127.0,0,125.0,2,Put,82000
819,40.0,0,39.0,1,Call,82000
819,914.0,1,911.0,1,Underlying,82000
820,120.0,2,123.0,2,Put,82100
820,918.0,1,915.0,2,Underlying,82100
820,40.0,0,39.0,0,Call,82100
821,40.0,0,41.0,1,Call,82200
821,917.0,2,920.0,1,Underlying,82200
821,122.0,2,119.0,1,Put,82200
822,920.0,1,920.0,0,Underlying,82300
822,118.0,0,121.0,2,Put,82300
822,41.0,0,44.0,0,Call,82300
823,920.0,1,920.0,1,Underlying,82400
823,125.0,1,122.0,2,Put,82400
823,44.0,1,47.0,1,Call,82400
824,923.0,2,923.0,1,Underlying,82500
824,122.0,2,122.0,0,Put,82500
824,44.0,0,44.0,2,Call,82500
825,121.0,1,118.0,1,Put,82600
825,923.0,1,921.0,0,Underlying,82600
825,47.0,2,45.0,0,Call,82600
826,922.0,1,927.0,0,Underlying,82700
826,123.0,0,119.0,1,Put,82700
826,49.0,2,46.0,1,Call,82700
827,123.0,2,123.0,0,Put,82800
827,48.0,1,46.0,1,Call,82800
827,919.0,2,921.0,0,Underlying,82800
828,40.0,0,44.0,2,Call,82900
828,918.0,2,922.0,2,Underlying,82900
828,122.0,0,124.0,1,Put,82900
829,42.0,1,42.0,0,Call,83000
829,919.0,1,923.0,2,Underlying,83000
829,125.0,1,128.0,0,Put,83000
830,917.0,1,916.0,2,Underlying,83100
830,43.0,0,47.0,0,Call,83100
830,124.0,1,121.0,2,Put,83100
831,49.0,0,45.0,1,Call,83200
831,918.0,1,919.0,2,Underlying,83200
831,125.0,1,122.0,1,Put,83200
832,924.0,0,924.0,1,Underlying,83300
832,120.0,0,121.0,0,Put,83300
832,44.0,0,48.0,2,Call,83300
833,47.0,1,44.0,0,Call,83400
833,924.0,0,928.0,2,Underlying,83400
833,122.0,1,118.0,0,Put,83400
834,49.0,2,47.0,1,Call,83500
834,919.0,2,923.0,0,Underlying,83500
834,125.0,0,123.0,0,Put,83500
835,45.0,0,45.0,1,Call,83600
835,919.0,1,920.0,1,Underlying,83600
835,123.0,1,123.0,1,Put,83600
836,127.0,2,128.0,1,Put,83700
836,43.0,2,43.0,0,Call,83700
836,920.0,0,918.0,2,Underlying,83700
837,44.0,2,43.0,1,Call,83800
837,912.0,0,917.0,0,Underlying,83800
837,131.0,0,125.0,1,Put,83800
838,133.0,2,128.0,2,Put,83900
838,43.0,0,44.0,1,Call,83900
838,914.0,2,914.0,2,Underlying,83900
839,128.0,0,131.0,0,Put,84000
839,46.0,2,42.0,1,Call,84000
839,914.0,0,920.0,2,Underlying,84000
840,128.0,2,124.0,1,Put,84100
840,920.0,1,919.0,1,Underlying,84100
840,46.0,2,45.0,1,Call,84100
841,915.0,2,920.0,2,Underlying,84200
841,47.0,2,46.0,0,Call,84200
841,126.0,0,129.0,0,Put,84200
842,913.0,1,914.0,2,Underlying,84300
842,47.0,1,44.0,1,Call,84300
842,127.0,1,127.0,1,Put,84300
843,908.0,2,911.0,2,Underlying,84400
843,40.0,0,37.0,0,Call,84400
843,133.0,2,132.0,2,Put,84400
844,909.0,0,906.0,1,Underlying,84500
844,38.0,1,37.0,0,Call,84500
844,134.0,2,135.0,1,Put,84500
845,901.0,0,903.0,1,Underlying,84600
845,34.0,1,35.0,2,Call,84600
845,139.0,2,133.0,0,Put,84600
846,35.0,2,33.0,1,Call,84700
846,900.0,0,900.0,0,Underlying,84700
846,135.0,2,136.0,1,Put,84700
847,33.0,2,35.0,2,Call,84800
847,896.0,0,899.0,2,Underlying,84800
847,136.0,1,137.0,2,Put,84800
848,135.0,0,138.0,1,Put,84900
848,31.0,2,33.0,2,Call,84900
848,900.0,0,901.0,2,Underlying,84900
849,37.0,1,37.0,2,Call,85000
849,899.0,1,895.0,2,Underlying,85000
849,135.0,1,136.0,0,Put,85000
850,901.0,2,902.0,0,Underlying,85100
850,33.0,2,33.0,2,Call,85100
850,135.0,1,130.0,0,Put,85100
851,137.0,1,137.0,2,Put,85200
851,901.0,2,899.0,0,Underlying,85200
851,32.0,2,34.0,0,Call,85200
852,902.0,0,901.0,1,Underlying,85300
852,129.0,0,134.0,0,Put,85300
852,34.0,1,35.0,2,Call,85300
853,902.0,1,903.0,1,Underlying,85400
853,134.0,1,137.0,1,Put,85400
853,37.0,0,34.0,1,Call,85400
854,31.0,2,35.0,0,Call,85500
854,135.0,2,134.0,1,Put,85500
854,898.0,1,896.0,2,Underlying,85500
855,894.0,2,893.0,1,Underlying,85600
855,29.0,0,28.0,1,Call,85600
855,139.0,1,135.0,1,Put,85600
856,137.0,1,135.0,1,Put,85700
856,894.0,0,896.0,2,Underlying,85700
856,27.0,1,30.0,2,Call,85700
857,895.0,0,896.0,1,Underlying,85800
857,30.0,0,29.0,0,Call,85800
857,134.0,1,137.0,2,Put,85800
858,898.0,2,895.0,0,Underlying,85900
858,134.0,1,136.0,2,Put,85900
858,30.0,2,31.0,0,Call,85900
859,32.0,0,33.0,1,Call,86000
859,128.0,2,130.0,2,Put,86000
859,900.0,0,899.0,0,Underlying,86000
860,28.0,2,31.0,1,Call,86100
860,134.0,0,135.0,0,Put,86100
860,895.0,0,900.0,0,Underlying,86100
861,29.0,0,31.0,0,Call,86200
861,129.0,1,129.0,0,Put,86200
861,900.0,2,900.0,2,Underlying,86200
862,900.0,2,899.0,0,Underlying,86300
862,128.0,2,128.0,2,Put,86300
862,29.0,1,30.0,0,Call,86300
863,899.0,2,901.0,0,Underlying,86400
863,35.0,1,31.0,0,Call,86400
863,131.0,2,135.0,0,Put,86400
864,900.0,2,906.0,0,Underlying,86500
864,128.0,2,128.0,2,Put,86500
864,37.0,1,33.0,0,Call,86500
865,128.0,1,127.0,0,Put,86600
865,32.0,0,36.0,1,Call,86600
865,907.0,1,903.0,1,Underlying,86600
866,36.0,2,38.0,0,Call,86700
866,124.0,2,126.0,0,Put,86700
866,905.0,0,908.0,1,Underlying,86700
867,128.0,1,133.0,1,Put,86800
867,903.0,1,901.0,0,Underlying,86800
867,30.0,1,34.0,0,Call,86800
868,908.0,0,905.0,1,Underlying,86900
868,32.0,1,37.0,2,Call,86900
868,132.0,0,129.0,2,Put,86900
869,906.0,0,910.0,0,Underlying,87000
869,126.0,2,125.0,1,Put,87000
869,36.0,1,39.0,0,Call,87000
870,910.0,1,912.0,2,Underlying,87100
870,37.0,2,38.0,1,Call,87100
870,127.0,2,124.0,2,Put,87100
871,37.0,0,34.0,0,Call,87200
871,914.0,0,915.0,0,Underlying,87200
871,121.0,0,125.0,0,Put,87200
872,120.0,0,117.0,1,Put,87300
872,39.0,1,39.0,2,Call,87300
872,920.0,1,915.0,0,Underlying,87300
873,916.0,1,913.0,2,Underlying,87400
873,121.0,1,124.0,1,Put,87400
873,38.0,0,36.0,2,Call,87400
874,915.0,2,917.0,1,Underlying,87500
874,119.0,0,116.0,2,Put,87500
874,34.0,2,37.0,0,Call,87500
875,116.0,1,117.0,2,Put,87600
875,43.0,0,41.0,2,Call,87600
875,918.0,0,923.0,0,Underlying,87600
876,120.0,0,116.0,1,Put,87700
876,38.0,2,39.0,2,Call,87700
876,926.0,1,920.0,2,Underlying,87700
877,38.0,0,38.0,1,Call,87800
877,114.0,1,114.0,1,Put,87800
877,923.0,2,927.0,2,Underlying,87800
878,122.0,0,116.0,2,Put,87900
878,922.0,2,920.0,2,Underlying,87900
878,42.0,2,37.0,0,Call,87900
879,125.0,2,122.0,1,Put,88000
879,40.0,0,37.0,0,Call,88000
879,915.0,0,917.0,1,Underlying,88000
880,38.0,2,39.0,2,Call,88100
880,917.0,1,915.0,1,Underlying,88100
880,122.0,0,117.0,2,Put,88100
881,122.0,2,124.0,2,Put,88200
881,911.0,2,910.0,2,Underlying,88200
881,36.0,2,38.0,2,Call,88200
882,909.0,0,913.0,1,Underlying,88300
882,126.0,2,130.0,0,Put,88300
882,39.0,0,34.0,0,Call,88300
883,36.0,0,38.0,2,Call,88400
883,123.0,0,123.0,0,Put,88400
883,913.0,1,914.0,2,Underlying,88400
884,36.0,0,36.0,2,Call,88500
884,123.0,2,121.0,0,Put,88500
884,915.0,1,916.0,2,Underlying,88500
885,920.0,2,917.0,2,Underlying,88600
885,124.0,2,123.0,0,Put,88600
885,38.0,2,37.0,0,Call,88600
886,41.0,2,38.0,0,Call,88700
886,127.0,2,123.0,2,Put,88700
886,914.0,1,915.0,2,Underlying,88700
887,118.0,1,121.0,0,Put,88800
887,918.0,1,918.0,2,Underlying,88800
887,41.0,1,42.0,2,Call,88800
888,919.0,1,917.0,1,Underlying,88900
888,119.0,2,118.0,2,Put,88900
888,37.0,2,38.0,2,Call,88900
889,117.0,0,118.0,0,Put,89000
889,39.0,1,40.0,2,Call,89000
889,922.0,2,920.0,2,Underlying,89000
890,38.0,0,38.0,0,Call,89100
890,116.0,2,116.0,1,Put,89100
890,923.0,2,922.0,1,Underlying,89100
891,114.0,2,116.0,0,Put,89200
891,920.0,2,925.0,0,Underlying,89200
891,41.0,1,39.0,1,Call,89200
892,120.0,0,121.0,2,Put,89300
892,44.0,2,46.0,1,Call,89300
892,923.0,2,922.0,1,Underlying,89300
893,929.0,0,923.0,0,Underlying,89400
893,120.0,0,114.0,0,Put,89400
893,41.0,0,43.0,1,Call,89400
894,927.0,2,931.0,2,Underlying,89500
894,44.0,0,42.0,1,Call,89500
894,111.0,0,112.0,0,Put,89500
895,929.0,0,927.0,0,Underlying,89600
895,45.0,2,46.0,2,Call,89600
895,115.0,2,112.0,1,Put,89600
896,45.0,1,43.0,2,Call,89700
896,114.0,0,117.0,1,Put,89700
896,931.0,2,927.0,1,Underlying,89700
897,925.0,0,929.0,1,Underlying,89800
897,113.0,2,118.0,2,Put,89800
897,41.0,0,47.0,1,Call,89800
898,924.0,2,922.0,2,Underlying,89900
898,123.0,2,121.0,1,Put,89900
898,41.0,0,44.0,2,Call,89900
899,917.0,0,918.0,0,Underlying,90000
899,39.0,1,40.0,1,Call,90000
899,121.0,2,119.0,0,Put,90000
900,41.0,1,42.0,0,Call,90100
900,125.0,1,127.0,0,Put,90100
900,918.0,2,916.0,2,Underlying,90100
901,44.0,2,44.0,1,Call,90200
901,121.0,0,120.0,0,Put,90200
901,921.0,2,919.0,2,Underlying,90200
902,118.0,1,122.0,1,Put,90300
902,927.0,1,921.0,0,Underlying,90300
902,45.0,0,46.0,1,Call,90300
903,928.0,1,923.0,2,Underlying,90400
903,42.0,2,40.0,2,Call,90400
903,122.0,1,119.0,1,Put,90400
904,924.0,1,924.0,1,Underlying,90500
904,44.0,1,40.0,0,Call,90500
904,120.0,0,121.0,2,Put,90500
905,120.0,1,116.0,1,Put,90600
905,929.0,1,929.0,0,Underlying,90600
905,46.0,2,46.0,1,Call,90600
906,117.0,1,120.0,0,Put,90700
906,924.0,2,928.0,1,Underlying,90700
906,38.0,0,43.0,1,Call,90700
907,117.0,1,117.0,1,Put,90800
907,924.0,1,926.0,0,Underlying,90800
907,45.0,0,42.0,0,Call,90800
908,121.0,1,123.0,1,Put,90900
908,45.0,1,42.0,2,Call,90900
908,918.0,1,918.0,1,Underlying,90900
909,121.0,0,118.0,1,Put,91000
909,923.0,0,922.0,1,Underlying,91000
909,45.0,2,43.0,2,Call,91000
910,40.0,0,37.0,1,Call,91100
910,123.0,1,121.0,0,Put,91100
910,917.0,1,915.0,1,Underlying,91100
911,39.0,2,39.0,2,Call,91200
911,919.0,1,921.0,2,Underlying,91200
911,120.0,0,118.0,1,Put,91200
912,923.0,1,925.0,1,Underlying,91300
912,118.0,0,116.0,2,Put,91300
912,40.0,0,43.0,2,Call,91300
913,925.0,0,931.0,0,Underlying,91400
913,111.0,2,114.0,1,Put,91400
913,46.0,0,46.0,2,Call,91400
914,932.0,0,936.0,0,Underlying,91500
914,49.0,0,50.0,0,Call,91500
914,113.0,0,114.0,1,Put,91500
915,117.0,2,116.0,0,Put,91600
915,935.0,0,932.0,1,Underlying,91600
915,50.0,0,47.0,1,Call,91600
916,114.0,0,115.0,0,Put,91700
916,935.0,1,934.0,1,Underlying,91700
916,49.0,1,54.0,2,Call,91700
917,935.0,0,934.0,2,Underlying,91800
917,114.0,2,117.0,1,Put,91800
917,48.0,1,49.0,2,Call,91800
918,51.0,1,47.0,0,Call,91900
918,939.0,1,939.0,1,Underlying,91900
918,116.0,0,113.0,1,Put,91900
919,109.0,0,108.0,1,Put,92000
919,944.0,1,943.0,0,Underlying,92000
919,55.0,1,57.0,0,Call,92000
920,111.0,2,107.0,0,Put,92100
920,944.0,2,943.0,1,Underlying,92100
920,53.0,2,52.0,0,Call,92100
921,49.0,0,53.0,0,Call,92200
921,939.0,0,938.0,2,Underlying,92200
921,115.0,0,114.0,2,Put,92200
922,49.0,1,50.0,0,Call,92300
922,111.0,0,113.0,2,Put,92300
922,938.0,1,940.0,2,Underlying,92300
923,107.0,2,111.0,2,Put,92400
923,944.0,2,940.0,1,Underlying,92400
923,52.0,1,49.0,0,Call,92400
924,54.0,0,52.0,2,Call,92500
924,108.0,1,109.0,2,Put,92500
924,943.0,2,947.0,1,Underlying,92500
925,106.0,0,103.0,0,Put,92600
925,951.0,2,952.0,1,Underlying,92600
925,55.0,2,55.0,1,Call,92600
926,100.0,2,103.0,2,Put,92700
926,54.0,1,56.0,2,Call,92700
926,954.0,0,951.0,1,Underlying,92700
927,105.0,1,103.0,1,Put,92800
927,949.0,1,949.0,1,Underlying,92800
927,51.0,2,51.0,2,Call,92800
928,102.0,2,102.0,0,Put,92900
928,954.0,0,950.0,2,Underlying,92900
928,53.0,1,55.0,1,Call,92900
929,952.0,1,950.0,2,Underlying,93000
929,54.0,1,51.0,1,Call,93000
929,103.0,0,98.0,2,Put,93000
930,51.0,2,54.0,0,Call,93100
930,955.0,1,950.0,1,Underlying,93100
930,99.0,1,101.0,0,Put,93100
931,51.0,0,50.0,2,Call,93200
931,948.0,2,951.0,1,Underlying,93200
931,103.0,0,104.0,0,Put,93200
932,52.0,1,51.0,1,Call,93300
932,953.0,1,950.0,2,Underlying,93300
932,101.0,0,105.0,0,Put,93300
933,954.0,1,956.0,0,Underlying,93400
933,56.0,1,54.0,2,Call,93400
933,95.0,1,96.0,2,Put,93400
934,57.0,0,56.0,2,Call,93500
934,95.0,1,98.0,0,Put,93500
934,955.0,0,954.0,2,Underlying,93500
935,93.0,1,93.0,0,Put,93600
935,54.0,1,56.0,1,Call,93600
935,960.0,0,958.0,2,Underlying,93600
936,94.0,2,93.0,2,Put,93700
936,49.0,2,53.0,0,Call,93700
936,958.0,1,956.0,2,Underlying,93700
937,958.0,2,958.0,1,Underlying,93800
937,93.0,0,96.0,1,Put,93800
937,54.0,1,50.0,0,Call,93800
938,99.0,0,95.0,0,Put,93900
938,49.0,2,46.0,1,Call,93900
938,956.0,0,954.0,0,Underlying,93900
939,53.0,2,48.0,0,Call,94000
939,962.0,2,960.0,2,Underlying,94000
939,93.0,1,88.0,0,Put,94000
940,52.0,2,54.0,2,Call,94100
940,962.0,2,962.0,0,Underlying,94100
940,90.0,2,95.0,1,Put,94100
941,53.0,1,53.0,0,Call,94200
941,960.0,0,960.0,0,Underlying,94200
941,93.0,1,92.0,1,Put,94200
942,92.0,2,90.0,2,Put,94300
942,49.0,1,52.0,2,Call,94300
942,960.0,2,957.0,1,Underlying,94300
943,54.0,0,53.0,0,Call,94400
943,94.0,1,91.0,1,Put,94400
943,954.0,2,958.0,1,Underlying,94400
944,959.0,1,962.0,1,Underlying,94500
944,96.0,0,93.0,0,Put,94500
944,52.0,2,50.0,1,Call,94500
945,960.0,0,965.0,0,Underlying,94600
945,51.0,2,55.0,2,Call,94600
945,86.0,1,89.0,0,Put,94600
946,56.0,0,53.0,2,Call,94700
946,959.0,1,958.0,2,Underlying,94700
946,95.0,1,93.0,1,Put,94700
947,90.0,0,91.0,2,Put,94800
947,959.0,1,962.0,0,Underlying,94800
947,52.0,2,55.0,1,Call,94800
948,90.0,0,93.0,2,Put,94900
948,57.0,1,58.0,1,Call,94900
948,964.0,2,962.0,1,Underlying,94900
949,93.0,0,95.0,2,Put,95000
949,58.0,2,54.0,1,Call,95000
949,963.0,1,966.0,1,Underlying,95000
950,970.0,0,967.0,0,Underlying,95100
950,59.0,0,58.0,2,Call,95100
950,92.0,1,89.0,0,Put,95100
951,91.0,1,90.0,0,Put,95200
951,58.0,1,55.0,1,Call,95200
951,962.0,2,964.0,1,Underlying,95200
952,93.0,1,95.0,1,Put,95300
952,58.0,2,60.0,1,Call,95300
952,962.0,2,965.0,0,Underlying,95300
953,53.0,1,55.0,0,Call,95400
953,96.0,0,95.0,2,Put,95400
953,956.0,1,960.0,2,Underlying,95400
954,958.0,0,957.0,2,Underlying,95500
954,101.0,2,98.0,2,Put,95500
954,50.0,2,53.0,0,Call,95500
955,98.0,0,98.0,0,Put,95600
955,953.0,0,949.0,0,Underlying,95600
955,55.0,2,52.0,2,Call,95600
956,49.0,1,50.0,0,Call,95700
956,950.0,2,952.0,2,Underlying,95700
956,100.0,1,100.0,1,Put,95700
957,51.0,2,47.0,0,Call,95800
957,953.0,0,954.0,1,Underlying,95800
957,98.0,0,96.0,1,Put,95800
958,54.0,2,55.0,0,Call,95900
958,958.0,2,960.0,2,Underlying,95900
958,94.0,2,93.0,2,Put,95900
959,57.0,0,58.0,2,Call,96000
959,960.0,1,961.0,2,Underlying,96000
959,95.0,0,95.0,1,Put,96000
960,959.0,0,954.0,2,Underlying,96100
960,54.0,0,52.0,2,Call,96100
960,95.0,2,99.0,1,Put,96100
961,50.0,1,56.0,0,Call,96200
961,951.0,0,952.0,0,Underlying,96200
961,100.0,0,97.0,0,Put,96200
962,51.0,2,52.0,2,Call,96300
962,958.0,2,953.0,1,Underlying,96300
962,95.0,1,95.0,1,Put,96300
963,53.0,1,52.0,2,Call,96400
963,955.0,2,953.0,1,Underlying,96400
963,101.0,2,95.0,1,Put,96400
964,101.0,1,98.0,0,Put,96500
964,952.0,1,956.0,2,Underlying,96500
964,52.0,0,52.0,0,Call,96500
965,48.0,2,50.0,1,Call,96600
965,953.0,0,951.0,0,Underlying,96600
965,96.0,0,100.0,0,Put,96600
966,952.0,1,956.0,1,Underlying,96700
966,102.0,0,99.0,1,Put,96700
966,54.0,2,52.0,1,Call,96700
967,57.0,0,55.0,0,Call,96800
967,94.0,0,91.0,2,Put,96800
967,961.0,1,955.0,0,Underlying,96800
968,958.0,2,961.0,0,Underlying,96900
968,97.0,1,94.0,1,Put,96900
968,53.0,1,58.0,1,Call,96900
969,954.0,1,955.0,0,Underlying,97000
969,99.0,1,98.0,1,Put,97000
969,57.0,1,54.0,0,Call,97000
970,54.0,2,53.0,0,Call,97100
970,960.0,1,962.0,1,Underlying,97100
970,91.0,1,94.0,1,Put,97100
971,95.0,1,93.0,0,Put,97200
971,54.0,2,49.0,0,Call,97200
971,962.0,0,958.0,1,Underlying,97200
972,964.0,0,963.0,0,Underlying,97300
972,89.0,1,92.0,1,Put,97300
972,58.0,2,55.0,0,Call,97300
973,966.0,2,964.0,0,Underlying,97400
973,56.0,2,56.0,2,Call,97400
973,90.0,0,90.0,0,Put,97400
974,962.0,1,965.0,2,Underlying,97500
974,56.0,2,57.0,2,Call,97500
974,91.0,1,89.0,2,Put,97500
975,91.0,0,95.0,1,Put,97600
975,967.0,0,967.0,2,Underlying,97600
975,55.0,0,59.0,0,Call,97600
976,969.0,1,969.0,1,Underlying,97700
976,59.0,0,60.0,1,Call,97700
976,88.0,1,83.0,1,Put,97700
977,971.0,2,970.0,2,Underlying,97800
977,88.0,2,90.0,0,Put,97800
977,59.0,1,61.0,0,Call,97800
978,973.0,2,970.0,1,Underlying,97900
978,56.0,0,59.0,2,Call,97900
978,85.0,2,85.0,1,Put,97900
979,60.0,2,58.0,1,Call,98000
979,967.0,1,966.0,2,Underlying,98000
979,91.0,2,88.0,2,Put,98000
980,91.0,0,92.0,1,Put,98100
980,57.0,0,56.0,2,Call,98100
980,964.0,2,962.0,1,Underlying,98100
981,95.0,0,93.0,1,Put,98200
981,958.0,0,960.0,2,Underlying,98200
981,57.0,2,55.0,0,Call,98200
982,97.0,0,94.0,0,Put,98300
982,958.0,0,958.0,0,Underlying,98300
982,54.0,0,54.0,0,Call,98300
983,963.0,0,962.0,0,Underlying,98400
983,96.0,2,94.0,0,Put,98400
983,57.0,1,56.0,0,Call,98400
984,94.0,1,98.0,1,Put,98500
984,65.0,1,62.0,0,Call,98500
984,965.0,1,968.0,2,Underlying,98500
985,58.0,2,62.0,1,Call,98600
985,970.0,1,967.0,2,Underlying,98600
985,93.0,1,95.0,0,Put,98600
986,61.0,2,55.0,2,Call,98700
986,968.0,1,963.0,1,Underlying,98700
986,93.0,0,96.0,1,Put,98700
987,59.0,0,59.0,2,Call,98800
987,966.0,1,966.0,1,Underlying,98800
987,92.0,1,93.0,2,Put,98800
988,100.0,1,95.0,2,Put,98900
988,59.0,1,60.0,2,Call,98900
988,963.0,1,962.0,1,Underlying,98900
989,93.0,1,95.0,0,Put,99000
989,57.0,2,61.0,0,Call,99000
989,964.0,0,966.0,1,Underlying,99000
990,94.0,2,94.0,2,Put,99100
990,58.0,2,55.0,0,Call,99100
990,964.0,2,960.0,2,Underlying,99100
991,97.0,0,94.0,0,Put,99200
991,55.0,0,53.0,0,Call,99200
991,961.0,2,963.0,2,Underlying,99200
992,966.0,1,966.0,2,Underlying,99300
992,93.0,0,91.0,1,Put,99300
992,64.0,1,60.0,1,Call,99300
993,57.0,0,61.0,2,Call,99400
993,963.0,2,963.0,0,Underlying,99400
993,92.0,1,92.0,2,Put,99400
994,969.0,1,967.0,2,Underlying,99500
994,58.0,1,56.0,2,Call,99500
994,90.0,2,93.0,1,Put,99500
995,59.0,2,60.0,1,Call,99600
995,89.0,1,88.0,2,Put,99600
995,970.0,1,971.0,0,Underlying,99600
996,87.0,2,89.0,2,Put,99700
996,965.0,0,967.0,0,Underlying,99700
996,58.0,2,61.0,2,Call,99700
997,94.0,2,88.0,1,Put,99800
997,967.0,0,967.0,1,Underlying,99800
997,54.0,2,53.0,0,Call,99800
998,969.0,0,968.0,1,Underlying,99900
998,58.0,2,56.0,0,Call,99900
998,89.0,2,89.0,1,Put,99900
999,94.0,1,95.0,2,Put,100000
999,57.0,0,60.0,2,Call,100000
999,964.0,2,966.0,1,Underlying,100000
